2078 3747
188 227 267 265 1v·
784 203 1324 260 PRAEFATIO.

191 348 368 432 Qae
407 345 467 408 in
492 343 739 410 Lernaeis
769 341 1118 405 admirabilis
1160 343 1416 426 partium
1449 362 1509 408 et
1548 344 1696 408 varia
1741 367 1917 412 com-

194 439 437 525 pofitio!
468 442 644 525 Qae
670 439 730 499 in
749 437 1010 501 Ficlzodis
1036 456 1094 498 et
1109 438 1404 501 Vorticellis
1431 440 1717 523 stupenda
1744 462 1918 526 orga-
1970 460 1973 466 ‘

189 554 408 598 norum
438 533 686 595 exilitas!
734 532 941 619 Qalis
982 552 1212 615 pompa
1237 533 1295 593 in
1316 529 1692 602 Holotlzuriis!
1739 539 1917 622 Qae

187 628 573 712 pulchritudo
601 627 660 688 in
681 626 994 703 Doridibm!
1041 630 1276 714 Qanta
1302 648 1668 711 organorum
1700 631 1938 714 profu-·>

186 719 278 786 fio
295 725 352 786 in
368 721 707 786 Nereidibus!
726 758 810 769 -
824 723 1026 784 Deum
1048 719 1384 804 loquuntur
1397 724 1542 786 haec
1559 725 1779 802 omnia,
1794 722 1922 809 spe-

185 817 595 900 &atoremque
624 815 941 878 attonitum
968 814 1246 880 reddunt.
1295 820 1397 880 Me
1424 817 1612 881 fialtem
1633 819 1787 881 adeo
1812 835 1920 882 oc-

185 931 573 998 cupauerunt,
594 930 655 972 vt
673 908 838 995 supra
857 911 1110 973 humana
1127 910 1376 990 ereeiuS,
1395 912 1693 975 sanitatem
1712 911 1920 999 ipsam·

186 1029 309 1091 que
335 1010 511 1070 vitam
544 1006 635 1068 vili
667 1005 1014 1090 penderem,
1055 1004 1198 1068 dum
1217 1005 1439 1069 -lieeret
1465 1007 1770 1092 profunda
1797 1030 1916 1072 ma-

185 1105 338 1165 rium
369 1120 429 1164 et
459 1100 687 1163 sinuum
716 1101 1072 1185 percontari,
1100 1098 1416 1164 visceribus
1447 1096 1777 1166 animalium
1796 1102 1917 1188 spe·

186 1196 411 1260 &randis
452 1196 792 1268 immorari,
842 1215 903 1256 et
941 1215 1076 1254 cum
1119 1194 1332 1257 ineolis
1370 1196 1575 1257 mundi
1620 1194 1917 1260 inuisibilis

186 1290 350 1353 vsum
366 1310 424 1352 et
444 1288 937 1352 consuetudinem
960 1287 1194 1350 habere.
1266 1287 1462 1352 Didici
1498 1289 1737 1368 dehine,
1755 1312 1918 1355 crea-

184 1405 383 1447 torem
423 1383 729 1468 optimum
758 1383 1072 1459 omnibuS‚
1117 1404 1264 1465 quas
1290 1399 1435 1446 'non
1477 1382 1672 1448 modo
1715 1386 1915 1449 homo

185 1478 286 1542 fibi
319 1478 545 1563 fingere
577 1475 759 1562 poffit
782 1478 959 1555 ideas„
977 1476 1075 1541 sed
1107 1477 1208 1562 ipsi
1235 1480 1446 1541 rationi
1479 1498 1754 1542 aeternae
1781 1478 1916 1565 pos-

181 1566 756 1651 fibilibusfformam,
778 1573 1137 1635 existentiam
1159 1595 1216 1635 et
1234 1572 1442 1656 gaudia
1462 1575 1607 1636 vitae
1635 1574 1916 1659 largitum

182 1667 318 1743 effe,
347 1688 672 1752 earumque
700 1666 911 1752 eeiypa
939 1668 1151 1752 partim
1181 1667 1241 1729 in
1270 1667 1419 1730 orbe
1445 1666 1756 1747 sublunari,
1784 1689 1915 1754 par-

182 1764 291 1826 tim
323 1765 384 1826 in
411 1762 650 1846 reliquis
679 1759 930 1845 sphaeris
957 1761 1190 1826 homini
1215 1761 1546 1847 indaganda
1585 1781 1645 1825 et
1680 1784 1915 1848 cogno-

102 1894 105 1906 *
183 1857 387 1923 scenda
429 1855 753 1941 seposuiss'e.

310 1957 599 2017 Naturam
632 1969 693 2014 et
726 1971 927 2014 mores
956 1950 1179 2014 horum
1197 1951 1529 2014 animalium
1558 1972 1768 2034 parum
1799 1973 1914 2017 no-

182 2044 425 2126 scimus,
473 2049 536 2109 in
564 2043 704 2108 sexu
739 2065 797 2108 et
828 2045 1229 2129 generationis
1259 2046 1454 2108 modo
1484 2046 1612 2108 fere
1651 2045 1914 2111 omnino

181 2141 400 2224 ignari3
445 2142 701 2203 maxima
721 2142 882 2202 enim
900 2162 978 2203 ex
1003 2159 1173 2223 parte
1200 2141 1546 2224 nuperrime
1569 2142 1913 2220 innotuere,

183 2233 752 2317 difficultatibusque
772 2257 944 2317 quam
965 2235 1244 2320 plurimis
1264 2237 1553 2320 premitur
1571 2236 1914 2300 eorundem

181 2328 509 2413 acquisitio,
536 2327 911 2392 conseruatio
942 2349 1001 2392 et
1027 2351 1318 2410 examen,
1361 2352 1513 2414 quae
1530 2350 1730 2392 tamen
1753 2329 1818 2394 in
1841 2330 1914 2394 iis

183 2426 437 2510 angustia
471 2427 764 2508 temporis
786 2473 803 2502 ,
846 2424 1099 2488 aliorum
1134 2423 1481 2492 officiorum
1511 2424 1673 2487 vices
1704 2444 1764 2488 et
1795 2426 1913 2490 vita

184 2520 589 2584 valetudinaria
631 2517 941 2582 obseruare
970 2519 1382 2605 permiserunt,
1406 2519 1510 2581 hic·
1530 2517 1814 2604 descripfi,

319 2616 727 2689 Instrumenta,
764 2635 914 2697 quae
943 2617 1002 2677 in
1026 2614 1380 2698 detegendis
1407 2615 1628 2697 ignotis
1652 2613 1911 2678 *animali-

137 2754 146 2764 ,
184 2708 301 2770 bus
328 2708 601 2785 adhibui,
644 2730 758 2792 pro
789 2709 1192 2792 magnitudine
1234 2709 1455 2773 obieeii.
1495 2707 1712 2771 diuerfil
1752 2707 1912 2773 sunt:

185 2803 526 2866 animalium
556 2804 821 2865 intestina
857 2825 979 2888 ope
1005 2804 1244 2891 forcipis
1273 2821 1333 2865 et
1357 2803 1621 2866 lenticulae
1645 2801 1917 2887 fimplicis.

188 2897 282 2975 (la
316 2898 507 2983 lozqoe)
565 2898 962 2981 perscrutatus
1017 2898 1175 2966 susm
1237 2900 1582 2960 innumeras
1622 2918 1910 2981 aquarum

186 2991 471 3076 guttulaS,
522 3012 590 3053 vt
637 2993 972 3055 anima'ieula
999 2991 1274 3075 specifice
1306 2990 1635 3068 noscerem,
1662 3012 1788 3077 ope
1815 2995 1911 3055 mi-

190 3086 453 3172 croscoyoii
483 3086 842 3169 perlustraui.
930 3091 1214 3167 Vtroque
1253 3086 1450 3148 modo
1480 3085 1792 3168 singulares
1819 3089 1909 3148 in-

191 3180 349 3243 colas
379 3177 482 3242 suo
514 3177 816 3243 elemento
851 3201 910 3244 et
933 3182 1061 3244 suae
1088 3179 1439 3242 habitationi
1469 3180 1779 3264 adaptatos
1819 3180 1911 3242 in-

190 3276 361 3353 veni3
415 3292 475 3336 et
521 3276 617 3337 hic
660 3277 822 3337 {abor
858 3297 972 3338 nec
1013 3272 1347 3337 sumtuosus
1392 3296 1504 3336 nec
1539 3272 1910 3360 periculosus

195 3368 370 3444 est,in
388 3366 514 3453 ipso
533 3371 691 3432 enim
723 3369 925 3432 museo
954 3369 1286 3434 commode
1301 3368 1506 3453 peragi
1534 3368 1745 3454 potest,
1762 3388 1910 3431 nau-

196 3459 386 3527 seosus
424 3483 655 3541 tamen,
699 3461 738 3526 fi
774 3465 836 3528 in
869 3463 1077 3530 viscera
1117 3465 1407 3529 maiorum
1439 3461 1775 3528 animalium
1813 3459 1916 3527 fiat

1699 3576 1911 3620 excur-
