<?xml version="1.0" encoding="UTF-8"?>
<!DOCTYPE html PUBLIC "-//W3C//DTD XHTML 1.0 Transitional//EN"
    "http://www.w3.org/TR/xhtml1/DTD/xhtml1-transitional.dtd">
<html xmlns="http://www.w3.org/1999/xhtml" xml:lang="en" lang="en">
 <head>
  <title>
</title>
<meta http-equiv="Content-Type" content="text/html;charset=utf-8" />
  <meta name='ocr-system' content='tesseract 3.04.00' />
  <meta name='ocr-capabilities' content='ocr_page ocr_carea ocr_par ocr_line ocrx_word'/>
</head>
<body>
  <div class='ocr_page' id='page_1' title='image "./zoologiadanicase01ml_0009.png"; bbox 0 0 2078 3747; ppageno 0'>
   <div class='ocr_carea' id='block_1_1' title="bbox 727 173 1856 234">
    <p class='ocr_par' dir='ltr' id='par_1_1' title="bbox 727 173 1856 234">
     <span class='ocr_line' id='line_1_1' title="bbox 727 173 1856 234; baseline 0.004 -4"><span class='ocrx_word' id='word_1_1' title='bbox 727 173 1264 232; x_wconf 81' lang='lat' dir='ltr'><strong>PRAEFATIO.</strong></span> <span class='ocrx_word' id='word_1_2' title='bbox 1816 197 1856 234; x_wconf 78' lang='lat' dir='ltr'>v</span> 
     </span>
    </p>
   </div>
   <div class='ocr_carea' id='block_1_2' title="bbox 131 312 1905 3523">
    <p class='ocr_par' dir='ltr' id='par_1_2' title="bbox 141 312 1866 670">
     <span class='ocr_line' id='line_1_2' title="bbox 142 312 1864 399; baseline -0.002 -16"><span class='ocrx_word' id='word_1_3' title='bbox 142 315 447 395; x_wconf 80' lang='lat' dir='ltr'>excurfio‚</span> <span class='ocrx_word' id='word_1_4' title='bbox 493 314 583 378; x_wconf 87' lang='lat' dir='ltr'>vel</span> <span class='ocrx_word' id='word_1_5' title='bbox 627 317 689 380; x_wconf 89' lang='lat' dir='ltr'>in</span> <span class='ocrx_word' id='word_1_6' title='bbox 731 336 875 399; x_wconf 88' lang='lat' dir='ltr'>aqua</span> <span class='ocrx_word' id='word_1_7' title='bbox 911 313 1185 377; x_wconf 86' lang='lat' dir='ltr'>foetente</span> <span class='ocrx_word' id='word_1_8' title='bbox 1222 312 1638 399; x_wconf 78' lang='lat' dir='ltr'>perscrutatio3</span> <span class='ocrx_word' id='word_1_9' title='bbox 1688 316 1864 380; x_wconf 86' lang='lat' dir='ltr'>huius</span> 
     </span>
     <span class='ocr_line' id='line_1_3' title="bbox 142 409 1866 497; baseline -0.003 -19"><span class='ocrx_word' id='word_1_10' title='bbox 142 417 302 478; x_wconf 87' lang='lat' dir='ltr'>enim</span> <span class='ocrx_word' id='word_1_11' title='bbox 328 410 587 497; x_wconf 81' lang='lat' dir='ltr'>guttula,</span> <span class='ocrx_word' id='word_1_12' title='bbox 632 411 786 474; x_wconf 80' lang='lat' dir='ltr'>licet</span> <span class='ocrx_word' id='word_1_13' title='bbox 795 410 1303 488; x_wconf 79' lang='lat' dir='ltr'>animalculorum,</span> <span class='ocrx_word' id='word_1_14' title='bbox 1346 409 1684 472; x_wconf 82' lang='lat' dir='ltr'>viuidoium</span> <span class='ocrx_word' id='word_1_15' title='bbox 1714 433 1866 493; x_wconf 87' lang='lat' dir='ltr'>quo-</span> 
     </span>
     <span class='ocr_line' id='line_1_4' title="bbox 142 502 1866 598; baseline -0.003 -25"><span class='ocrx_word' id='word_1_16' title='bbox 142 531 284 594; x_wconf 83' lang='lat' dir='ltr'>que,</span> <span class='ocrx_word' id='word_1_17' title='bbox 315 509 489 594; x_wconf 84' lang='lat' dir='ltr'>plena</span> <span class='ocrx_word' id='word_1_18' title='bbox 513 506 592 584; x_wconf 84' lang='lat' dir='ltr'>sit,</span> <span class='ocrx_word' id='word_1_19' title='bbox 619 525 845 598; x_wconf 83' lang='lat' dir='ltr'>tantum</span> <span class='ocrx_word' id='word_1_20' title='bbox 875 503 1042 587; x_wconf 84' lang='lat' dir='ltr'>saepe</span> <span class='ocrx_word' id='word_1_21' title='bbox 1072 504 1376 567; x_wconf 88' lang='lat' dir='ltr'>foetorem</span> <span class='ocrx_word' id='word_1_22' title='bbox 1409 502 1659 582; x_wconf 79' lang='lat' dir='ltr'>exhalat,</span> <span class='ocrx_word' id='word_1_23' title='bbox 1681 524 1866 589; x_wconf 77' lang='lat' dir='ltr'>vtper</span> 
     </span>
     <span class='ocr_line' id='line_1_5' title="bbox 141 596 1865 681; baseline -0.004 -13"><span class='ocrx_word' id='word_1_24' title='bbox 141 602 435 668; x_wconf 84' lang='lat' dir='ltr'>interualla</span> <span class='ocrx_word' id='word_1_25' title='bbox 461 621 779 664; x_wconf 83' lang='lat' dir='ltr'>momento</span> <span class='ocrx_word' id='word_1_26' title='bbox 808 617 1043 662; x_wconf 79' lang='lat' dir='ltr'>tantum</span> <span class='ocrx_word' id='word_1_27' title='bbox 1073 599 1321 661; x_wconf 84' lang='lat' dir='ltr'>eandem</span> <span class='ocrx_word' id='word_1_28' title='bbox 1359 596 1650 681; x_wconf 76' lang='lat' dir='ltr'>inspicere</span> <span class='ocrx_word' id='word_1_29' title='bbox 1684 597 1865 662; x_wconf 80' lang='lat' dir='ltr'>licue-</span> 
     </span>
    </p>

    <p class='ocr_par' dir='ltr' id='par_1_3' title="bbox 141 692 1870 1156">
     <span class='ocr_line' id='line_1_6' title="bbox 141 692 1868 776; baseline -0.003 -15"><span class='ocrx_word' id='word_1_30' title='bbox 141 700 246 767; x_wconf 87' lang='lat' dir='ltr'>rit;</span> <span class='ocrx_word' id='word_1_31' title='bbox 288 695 672 774; x_wconf 86' lang='lat' dir='ltr'>viscerum‚vt</span> <span class='ocrx_word' id='word_1_32' title='bbox 700 714 912 757; x_wconf 86' lang='lat' dir='ltr'>eorum</span> <span class='ocrx_word' id='word_1_33' title='bbox 940 694 1055 755; x_wconf 88' lang='lat' dir='ltr'>viui</span> <span class='ocrx_word' id='word_1_34' title='bbox 1085 695 1437 776; x_wconf 72' lang='lat' dir='ltr'>indagentur</span> <span class='ocrx_word' id='word_1_35' title='bbox 1463 692 1739 776; x_wconf 80' lang='lat' dir='ltr'>hospiteS‚</span> <span class='ocrx_word' id='word_1_36' title='bbox 1758 715 1868 776; x_wconf 83' lang='lat' dir='ltr'>pet</span> 
     </span>
     <span class='ocr_line' id='line_1_7' title="bbox 142 788 1870 870; baseline -0.005 -13"><span class='ocrx_word' id='word_1_37' title='bbox 142 813 355 857; x_wconf 84' lang='lat' dir='ltr'>omnes</span> <span class='ocrx_word' id='word_1_38' title='bbox 393 810 452 854; x_wconf 86' lang='lat' dir='ltr'>et</span> <span class='ocrx_word' id='word_1_39' title='bbox 487 788 761 852; x_wconf 79' lang='lat' dir='ltr'>molestas</span> <span class='ocrx_word' id='word_1_40' title='bbox 806 789 1229 851; x_wconf 84' lang='lat' dir='ltr'>intestinorum</span> <span class='ocrx_word' id='word_1_41' title='bbox 1268 788 1539 870; x_wconf 77' lang='lat' dir='ltr'>ambages</span> <span class='ocrx_word' id='word_1_42' title='bbox 1569 788 1870 850; x_wconf 82' lang='lat' dir='ltr'>mucosas-</span> 
     </span>
     <span class='ocr_line' id='line_1_8' title="bbox 142 881 1869 970; baseline -0.001 -22"><span class='ocrx_word' id='word_1_43' title='bbox 142 908 266 970; x_wconf 89' lang='lat' dir='ltr'>que</span> <span class='ocrx_word' id='word_1_44' title='bbox 293 883 757 949; x_wconf 77' lang='lat' dir='ltr'>vermiculorum,</span> <span class='ocrx_word' id='word_1_45' title='bbox 798 883 1041 946; x_wconf 79' lang='lat' dir='ltr'>latebras</span> <span class='ocrx_word' id='word_1_46' title='bbox 1084 881 1430 966; x_wconf 68' lang='lat' dir='ltr'>perquisitio</span> <span class='ocrx_word' id='word_1_47' title='bbox 1457 883 1706 944; x_wconf 74' lang='lat' dir='ltr'>maxime</span> <span class='ocrx_word' id='word_1_48' title='bbox 1725 881 1869 946; x_wconf 84' lang='lat' dir='ltr'>solet</span> 
     </span>
     <span class='ocr_line' id='line_1_9' title="bbox 143 977 1866 1064; baseline -0.001 -21"><span class='ocrx_word' id='word_1_49' title='bbox 143 979 260 1043; x_wconf 79' lang='lat' dir='ltr'>effe</span> <span class='ocrx_word' id='word_1_50' title='bbox 286 981 525 1064; x_wconf 81' lang='lat' dir='ltr'>ingrata.</span> <span class='ocrx_word' id='word_1_51' title='bbox 576 981 807 1044; x_wconf 60' lang='lat' dir='ltr'>,Mariua</span> <span class='ocrx_word' id='word_1_52' title='bbox 823 999 964 1041; x_wconf 81' lang='lat' dir='ltr'>vero</span> <span class='ocrx_word' id='word_1_53' title='bbox 981 977 1334 1061; x_wconf 74' lang='lat' dir='ltr'>inuestigare</span> <span class='ocrx_word' id='word_1_54' title='bbox 1361 994 1420 1039; x_wconf 91' lang='lat' dir='ltr'>et</span> <span class='ocrx_word' id='word_1_55' title='bbox 1446 977 1686 1040; x_wconf 82' lang='lat' dir='ltr'>maioris</span> <span class='ocrx_word' id='word_1_56' title='bbox 1704 977 1866 1041; x_wconf 82' lang='lat' dir='ltr'>labo-</span> 
     </span>
     <span class='ocr_line' id='line_1_10' title="bbox 141 1073 1017 1156; baseline -0.002 -19"><span class='ocrx_word' id='word_1_57' title='bbox 141 1074 223 1138; x_wconf 83' lang='lat' dir='ltr'>ris</span> <span class='ocrx_word' id='word_1_58' title='bbox 251 1096 310 1137; x_wconf 89' lang='lat' dir='ltr'>et</span> <span class='ocrx_word' id='word_1_59' title='bbox 351 1074 568 1139; x_wconf 80' lang='lat' dir='ltr'>altioris</span> <span class='ocrx_word' id='word_1_60' title='bbox 601 1073 887 1156; x_wconf 70' lang='lat' dir='ltr'>indaginis</span> <span class='ocrx_word' id='word_1_61' title='bbox 917 1073 1017 1135; x_wconf 86' lang='lat' dir='ltr'>est.</span> 
     </span>
    </p>

    <p class='ocr_par' dir='ltr' id='par_1_4' title="bbox 131 1163 1905 2478">
     <span class='ocr_line' id='line_1_11' title="bbox 273 1163 1865 1252; baseline -0.001 -21"><span class='ocrx_word' id='word_1_62' title='bbox 273 1171 661 1252; x_wconf 76' lang='lat' dir='ltr'>Praecipuum</span> <span class='ocrx_word' id='word_1_63' title='bbox 691 1168 1186 1243; x_wconf 82' lang='lat' dir='ltr'>instrumentum,</span> <span class='ocrx_word' id='word_1_64' title='bbox 1233 1188 1359 1252; x_wconf 93' lang='lat' dir='ltr'>quo</span> <span class='ocrx_word' id='word_1_65' title='bbox 1383 1163 1562 1228; x_wconf 36' lang='lat' dir='ltr'>*fundi</span> <span class='ocrx_word' id='word_1_66' title='bbox 1601 1166 1774 1228; x_wconf 84' lang='lat' dir='ltr'>maris</span> <span class='ocrx_word' id='word_1_67' title='bbox 1801 1184 1865 1230; x_wconf 80' lang='lat' dir='ltr'>et</span> 
     </span>
     <span class='ocr_line' id='line_1_12' title="bbox 143 1259 1868 1339; baseline -0.001 -16"><span class='ocrx_word' id='word_1_68' title='bbox 143 1259 378 1324; x_wconf 84' lang='lat' dir='ltr'>finuum</span> <span class='ocrx_word' id='word_1_69' title='bbox 406 1262 627 1325; x_wconf 82' lang='lat' dir='ltr'>incolas</span> <span class='ocrx_word' id='word_1_70' title='bbox 655 1260 964 1324; x_wconf 80' lang='lat' dir='ltr'>extrahere</span> <span class='ocrx_word' id='word_1_71' title='bbox 990 1262 1268 1339; x_wconf 85' lang='lat' dir='ltr'>conabar,</span> <span class='ocrx_word' id='word_1_72' title='bbox 1311 1279 1435 1323; x_wconf 80' lang='lat' dir='ltr'>erat</span> <span class='ocrx_word' id='word_1_73' title='bbox 1458 1259 1699 1323; x_wconf 73' lang='lat' dir='ltr'>Sacculm</span> <span class='ocrx_word' id='word_1_74' title='bbox 1727 1261 1868 1322; x_wconf 86' lang='lat' dir='ltr'>reti-</span> 
     </span>
     <span class='ocr_line' id='line_1_13' title="bbox 142 1353 1867 1437; baseline 0.001 -21"><span class='ocrx_word' id='word_1_75' title='bbox 142 1357 370 1432; x_wconf 77' lang='lat' dir='ltr'>culatis,</span> <span class='ocrx_word' id='word_1_76' title='bbox 388 1377 464 1416; x_wconf 73' lang='grc' dir='ltr'>εκ</span> <span class='ocrx_word' id='word_1_77' title='bbox 493 1353 774 1416; x_wconf 88' lang='lat' dir='ltr'>funiculis</span> <span class='ocrx_word' id='word_1_78' title='bbox 803 1355 1139 1416; x_wconf 76' lang='lat' dir='ltr'>cannabinis</span> <span class='ocrx_word' id='word_1_79' title='bbox 1170 1356 1582 1430; x_wconf 83' lang='lat' dir='ltr'>concinnatus,</span> <span class='ocrx_word' id='word_1_80' title='bbox 1603 1358 1867 1437; x_wconf 76' lang='lat' dir='ltr'>margine</span> 
     </span>
     <span class='ocr_line' id='line_1_14' title="bbox 143 1448 1870 1532; baseline 0.001 -22"><span class='ocrx_word' id='word_1_81' title='bbox 143 1467 448 1532; x_wconf 80' lang='lat' dir='ltr'>aperturae</span> <span class='ocrx_word' id='word_1_82' title='bbox 487 1448 744 1531; x_wconf 80' lang='lat' dir='ltr'>alligatus</span> <span class='ocrx_word' id='word_1_83' title='bbox 775 1448 1001 1510; x_wconf 87' lang='lat' dir='ltr'>laminis</span> <span class='ocrx_word' id='word_1_84' title='bbox 1029 1464 1287 1531; x_wconf 88' lang='lat' dir='ltr'>quatuor</span> <span class='ocrx_word' id='word_1_85' title='bbox 1315 1448 1518 1512; x_wconf 79' lang='lat' dir='ltr'>ferreis</span> <span class='ocrx_word' id='word_1_86' title='bbox 1556 1468 1660 1510; x_wconf 88' lang='lat' dir='ltr'>ora</span> <span class='ocrx_word' id='word_1_87' title='bbox 1697 1467 1870 1512; x_wconf 75' lang='lat' dir='ltr'>exte-</span> 
     </span>
     <span class='ocr_line' id='line_1_15' title="bbox 141 1541 1867 1627; baseline 0.001 -23"><span class='ocrx_word' id='word_1_88' title='bbox 141 1542 288 1606; x_wconf 86' lang='lat' dir='ltr'>riori</span> <span class='ocrx_word' id='word_1_89' title='bbox 321 1542 527 1620; x_wconf 80' lang='lat' dir='ltr'>acutiS‚</span> <span class='ocrx_word' id='word_1_90' title='bbox 568 1542 755 1605; x_wconf 85' lang='lat' dir='ltr'>vlnam</span> <span class='ocrx_word' id='word_1_91' title='bbox 785 1541 998 1627; x_wconf 65' lang='lat' dir='ltr'>longss,</span> <span class='ocrx_word' id='word_1_92' title='bbox 1033 1561 1289 1624; x_wconf 84' lang='lat' dir='ltr'>quatuor</span> <span class='ocrx_word' id='word_1_93' title='bbox 1317 1543 1511 1605; x_wconf 81' lang='lat' dir='ltr'>vncias</span> <span class='ocrx_word' id='word_1_94' title='bbox 1539 1541 1684 1613; x_wconf 61' lang='lat' dir='ltr'>latis²</span> <span class='ocrx_word' id='word_1_95' title='bbox 1715 1561 1777 1604; x_wconf 89' lang='lat' dir='ltr'>et</span> <span class='ocrx_word' id='word_1_96' title='bbox 1803 1544 1867 1605; x_wconf 85' lang='lat' dir='ltr'>in</span> 
     </span>
     <span class='ocr_line' id='line_1_16' title="bbox 131 1627 1871 1721; baseline 0 -22"><span class='ocrx_word' id='word_1_97' title='bbox 131 1635 494 1720; x_wconf 80' lang='lat' dir='ltr'>quadratum</span> <span class='ocrx_word' id='word_1_98' title='bbox 523 1635 837 1721; x_wconf 70' lang='lat' dir='ltr'>dispositis,</span> <span class='ocrx_word' id='word_1_99' title='bbox 932 1637 1188 1721; x_wconf 85' lang='lat' dir='ltr'>Angulis</span> <span class='ocrx_word' id='word_1_100' title='bbox 1217 1637 1563 1701; x_wconf 84' lang='lat' dir='ltr'>laminarum</span> <span class='ocrx_word' id='word_1_101' title='bbox 1595 1627 1871 1721; x_wconf 75' lang='lat' dir='ltr'>exsurge-</span> 
     </span>
     <span class='ocr_line' id='line_1_17' title="bbox 142 1731 1874 1816; baseline 0.001 -22"><span class='ocrx_word' id='word_1_102' title='bbox 142 1731 289 1794; x_wconf 84' lang='lat' dir='ltr'>bant</span> <span class='ocrx_word' id='word_1_103' title='bbox 316 1749 579 1816; x_wconf 86' lang='lat' dir='ltr'>quatuor</span> <span class='ocrx_word' id='word_1_104' title='bbox 610 1731 801 1795; x_wconf 82' lang='lat' dir='ltr'>bacilli</span> <span class='ocrx_word' id='word_1_105' title='bbox 831 1731 1038 1809; x_wconf 86' lang='lat' dir='ltr'>ferrei,</span> <span class='ocrx_word' id='word_1_106' title='bbox 1076 1732 1247 1795; x_wconf 81' lang='lat' dir='ltr'>altera</span> <span class='ocrx_word' id='word_1_107' title='bbox 1276 1732 1651 1795; x_wconf 75' lang='lat' dir='ltr'>extremitate</span> <span class='ocrx_word' id='word_1_108' title='bbox 1679 1732 1739 1792; x_wconf 90' lang='lat' dir='ltr'>in</span> <span class='ocrx_word' id='word_1_109' title='bbox 1767 1753 1874 1795; x_wconf 82' lang='lat' dir='ltr'>an·</span> 
     </span>
     <span class='ocr_line' id='line_1_18' title="bbox 143 1824 1870 1890; baseline 0.001 -2"><span class='ocrx_word' id='word_1_110' title='bbox 143 1826 353 1889; x_wconf 87' lang='lat' dir='ltr'>nulum</span> <span class='ocrx_word' id='word_1_111' title='bbox 384 1825 631 1888; x_wconf 86' lang='lat' dir='ltr'>liberum</span> <span class='ocrx_word' id='word_1_112' title='bbox 659 1825 859 1889; x_wconf 70' lang='lat' dir='ltr'>iunffl.</span> <span class='ocrx_word' id='word_1_113' title='bbox 917 1827 1079 1888; x_wconf 88' lang='lat' dir='ltr'>Huic</span> <span class='ocrx_word' id='word_1_114' title='bbox 1104 1826 1436 1889; x_wconf 68' lang='lat' dir='ltr'>annecffitur</span> <span class='ocrx_word' id='word_1_115' title='bbox 1453 1824 1614 1889; x_wconf 84' lang='lat' dir='ltr'>funis</span> <span class='ocrx_word' id='word_1_116' title='bbox 1643 1824 1870 1890; x_wconf 88' lang='lat' dir='ltr'>ducen-</span> 
     </span>
     <span class='ocr_line' id='line_1_19' title="bbox 145 1918 1869 2005; baseline 0.002 -23"><span class='ocrx_word' id='word_1_117' title='bbox 145 1938 335 1983; x_wconf 81' lang='lat' dir='ltr'>tarum</span> <span class='ocrx_word' id='word_1_118' title='bbox 380 1939 441 1981; x_wconf 89' lang='lat' dir='ltr'>et</span> <span class='ocrx_word' id='word_1_119' title='bbox 477 1919 731 2004; x_wconf 87' lang='lat' dir='ltr'>plurium</span> <span class='ocrx_word' id='word_1_120' title='bbox 763 1941 1088 2003; x_wconf 85' lang='lat' dir='ltr'>orgyarum</span> <span class='ocrx_word' id='word_1_121' title='bbox 1129 1918 1526 2005; x_wconf 83' lang='lat' dir='ltr'>longitudine.</span> <span class='ocrx_word' id='word_1_122' title='bbox 1650 1921 1869 1986; x_wconf 80' lang='lat' dir='ltr'>Saccus</span> 
     </span>
     <span class='ocr_line' id='line_1_20' title="bbox 145 2010 1905 2101; baseline 0.001 -24"><span class='ocrx_word' id='word_1_123' title='bbox 145 2013 290 2077; x_wconf 87' lang='lat' dir='ltr'>mari</span> <span class='ocrx_word' id='word_1_124' title='bbox 315 2013 599 2077; x_wconf 78' lang='lat' dir='ltr'>immiffus</span> <span class='ocrx_word' id='word_1_125' title='bbox 627 2013 903 2099; x_wconf 89' lang='lat' dir='ltr'>pondere</span> <span class='ocrx_word' id='word_1_126' title='bbox 925 2014 1098 2078; x_wconf 89' lang='lat' dir='ltr'>ferrei</span> <span class='ocrx_word' id='word_1_127' title='bbox 1127 2033 1441 2101; x_wconf 81' lang='lat' dir='ltr'>apparatus</span> <span class='ocrx_word' id='word_1_128' title='bbox 1463 2010 1719 2077; x_wconf 87' lang='lat' dir='ltr'>fundum</span> <span class='ocrx_word' id='word_1_129' title='bbox 1746 2016 1870 2101; x_wconf 85' lang='lat' dir='ltr'>ple·</span> <span class='ocrx_word' id='word_1_130' title='bbox 1902 2022 1905 2023; x_wconf 46' lang='lat'><em>⁷</em></span> 
     </span>
     <span class='ocr_line' id='line_1_21' title="bbox 144 2108 1871 2193; baseline 0.002 -21"><span class='ocrx_word' id='word_1_131' title='bbox 144 2129 406 2192; x_wconf 87' lang='lat' dir='ltr'>rumque</span> <span class='ocrx_word' id='word_1_132' title='bbox 432 2109 597 2193; x_wconf 84' lang='lat' dir='ltr'>petit,</span> <span class='ocrx_word' id='word_1_133' title='bbox 622 2108 926 2173; x_wconf 88' lang='lat' dir='ltr'>interdum</span> <span class='ocrx_word' id='word_1_134' title='bbox 951 2109 1321 2173; x_wconf 87' lang='lat' dir='ltr'>diuersorum</span> <span class='ocrx_word' id='word_1_135' title='bbox 1341 2126 1402 2172; x_wconf 91' lang='lat' dir='ltr'>et</span> <span class='ocrx_word' id='word_1_136' title='bbox 1428 2112 1871 2175; x_wconf 83' lang='lat' dir='ltr'>contrariorum</span> 
     </span>
     <span class='ocr_line' id='line_1_22' title="bbox 144 2200 1874 2288; baseline 0.002 -23"><span class='ocrx_word' id='word_1_137' title='bbox 144 2200 317 2288; x_wconf 83' lang='lat' dir='ltr'>saepe</span> <span class='ocrx_word' id='word_1_138' title='bbox 333 2204 644 2266; x_wconf 88' lang='lat' dir='ltr'>fluminum</span> <span class='ocrx_word' id='word_1_139' title='bbox 676 2206 843 2268; x_wconf 86' lang='lat' dir='ltr'>maris</span> <span class='ocrx_word' id='word_1_140' title='bbox 860 2204 1214 2268; x_wconf 88' lang='lat' dir='ltr'>inferiorum</span> <span class='ocrx_word' id='word_1_141' title='bbox 1233 2203 1464 2268; x_wconf 82' lang='lat' dir='ltr'>aduersa</span> <span class='ocrx_word' id='word_1_142' title='bbox 1488 2201 1719 2267; x_wconf 67' lang='lat' dir='ltr'>afflone</span> <span class='ocrx_word' id='word_1_143' title='bbox 1733 2225 1874 2268; x_wconf 89' lang='lat' dir='ltr'>mo·-</span> 
     </span>
     <span class='ocr_line' id='line_1_23' title="bbox 147 2296 1871 2384; baseline 0.002 -23"><span class='ocrx_word' id='word_1_144' title='bbox 147 2297 326 2381; x_wconf 88' lang='lat' dir='ltr'>leque</span> <span class='ocrx_word' id='word_1_145' title='bbox 354 2297 535 2383; x_wconf 85' lang='lat' dir='ltr'>ipfius</span> <span class='ocrx_word' id='word_1_146' title='bbox 561 2298 720 2362; x_wconf 89' lang='lat' dir='ltr'>funis</span> <span class='ocrx_word' id='word_1_147' title='bbox 748 2299 1013 2384; x_wconf 88' lang='lat' dir='ltr'>plurium</span> <span class='ocrx_word' id='word_1_148' title='bbox 1040 2320 1364 2384; x_wconf 81' lang='lat' dir='ltr'>orgyarum</span> <span class='ocrx_word' id='word_1_149' title='bbox 1401 2297 1467 2361; x_wconf 87' lang='lat' dir='ltr'>in</span> <span class='ocrx_word' id='word_1_150' title='bbox 1495 2296 1584 2362; x_wconf 84' lang='lat' dir='ltr'>via</span> <span class='ocrx_word' id='word_1_151' title='bbox 1612 2301 1871 2379; x_wconf 86' lang='lat' dir='ltr'>retineri,</span> 
     </span>
     <span class='ocr_line' id='line_1_24' title="bbox 149 2392 1191 2478; baseline 0.001 -22"><span class='ocrx_word' id='word_1_152' title='bbox 149 2413 265 2456; x_wconf 90' lang='lat' dir='ltr'>nec</span> <span class='ocrx_word' id='word_1_153' title='bbox 299 2392 553 2456; x_wconf 87' lang='lat' dir='ltr'>fundum</span> <span class='ocrx_word' id='word_1_154' title='bbox 598 2394 884 2478; x_wconf 79' lang='lat' dir='ltr'>attingere</span> <span class='ocrx_word' id='word_1_155' title='bbox 911 2394 1191 2457; x_wconf 87' lang='lat' dir='ltr'>creditur.</span> 
     </span>
    </p>

    <p class='ocr_par' dir='ltr' id='par_1_5' title="bbox 146 2488 1873 3523">
     <span class='ocr_line' id='line_1_25' title="bbox 288 2488 1871 2574; baseline 0.002 -23"><span class='ocrx_word' id='word_1_156' title='bbox 288 2488 503 2552; x_wconf 85' lang='lat' dir='ltr'>Fundo</span> <span class='ocrx_word' id='word_1_157' title='bbox 529 2488 791 2551; x_wconf 84' lang='lat' dir='ltr'>iniacens</span> <span class='ocrx_word' id='word_1_158' title='bbox 819 2511 941 2574; x_wconf 89' lang='lat' dir='ltr'>ope</span> <span class='ocrx_word' id='word_1_159' title='bbox 968 2509 1283 2553; x_wconf 89' lang='lat' dir='ltr'>remorum</span> <span class='ocrx_word' id='word_1_160' title='bbox 1311 2504 1409 2551; x_wconf 86' lang='lat' dir='ltr'>aut</span> <span class='ocrx_word' id='word_1_161' title='bbox 1447 2489 1612 2553; x_wconf 83' lang='lat' dir='ltr'>venti</span> <span class='ocrx_word' id='word_1_162' title='bbox 1641 2489 1871 2554; x_wconf 81' lang='lat' dir='ltr'>modici</span> 
     </span>
     <span class='ocr_line' id='line_1_26' title="bbox 148 2581 1872 2668; baseline 0.001 -24"><span class='ocrx_word' id='word_1_163' title='bbox 148 2582 411 2659; x_wconf 85' lang='lat' dir='ltr'>trahitur,</span> <span class='ocrx_word' id='word_1_164' title='bbox 451 2581 651 2645; x_wconf 88' lang='lat' dir='ltr'>donec</span> <span class='ocrx_word' id='word_1_165' title='bbox 682 2585 928 2647; x_wconf 60' lang='lat' dir='ltr'>traftum</span> <span class='ocrx_word' id='word_1_166' title='bbox 958 2583 1254 2668; x_wconf 87' lang='lat' dir='ltr'>quendam</span> <span class='ocrx_word' id='word_1_167' title='bbox 1285 2584 1526 2666; x_wconf 82' lang='lat' dir='ltr'>quaeuis</span> <span class='ocrx_word' id='word_1_168' title='bbox 1559 2584 1738 2647; x_wconf 82' lang='lat' dir='ltr'>obuia</span> <span class='ocrx_word' id='word_1_169' title='bbox 1766 2606 1872 2646; x_wconf 83' lang='lat' dir='ltr'>ex-</span> 
     </span>
     <span class='ocr_line' id='line_1_27' title="bbox 148 2676 1872 2762; baseline 0.001 -22"><span class='ocrx_word' id='word_1_170' title='bbox 148 2677 432 2762; x_wconf 84' lang='lat' dir='ltr'>cipiendo</span> <span class='ocrx_word' id='word_1_171' title='bbox 462 2677 810 2741; x_wconf 84' lang='lat' dir='ltr'>confecerit.</span> <span class='ocrx_word' id='word_1_172' title='bbox 912 2676 981 2741; x_wconf 82' lang='lat' dir='ltr'>ln</span> <span class='ocrx_word' id='word_1_173' title='bbox 1013 2679 1295 2762; x_wconf 85' lang='lat' dir='ltr'>cymbam</span> <span class='ocrx_word' id='word_1_174' title='bbox 1329 2676 1596 2759; x_wconf 88' lang='lat' dir='ltr'>denique</span> <span class='ocrx_word' id='word_1_175' title='bbox 1629 2680 1872 2742; x_wconf 81' lang='lat' dir='ltr'>retrahi-</span> 
     </span>
     <span class='ocr_line' id='line_1_28' title="bbox 150 2770 1870 2858; baseline 0.001 -25"><span class='ocrx_word' id='word_1_176' title='bbox 150 2790 245 2834; x_wconf 85' lang='lat' dir='ltr'>tur</span> <span class='ocrx_word' id='word_1_177' title='bbox 272 2771 369 2855; x_wconf 90' lang='lat' dir='ltr'>spe</span> <span class='ocrx_word' id='word_1_178' title='bbox 398 2793 459 2835; x_wconf 90' lang='lat' dir='ltr'>et</span> <span class='ocrx_word' id='word_1_179' title='bbox 489 2772 713 2850; x_wconf 85' lang='lat' dir='ltr'>labore,</span> <span class='ocrx_word' id='word_1_180' title='bbox 752 2790 807 2836; x_wconf 82' lang='lat' dir='ltr'>at</span> <span class='ocrx_word' id='word_1_181' title='bbox 840 2795 1024 2858; x_wconf 88' lang='lat' dir='ltr'>opera</span> <span class='ocrx_word' id='word_1_182' title='bbox 1056 2792 1116 2836; x_wconf 90' lang='lat' dir='ltr'>et</span> <span class='ocrx_word' id='word_1_183' title='bbox 1156 2772 1358 2835; x_wconf 90' lang='lat' dir='ltr'>oleum</span> <span class='ocrx_word' id='word_1_184' title='bbox 1388 2770 1556 2855; x_wconf 82' lang='lat' dir='ltr'>saepe</span> <span class='ocrx_word' id='word_1_185' title='bbox 1582 2772 1870 2856; x_wconf 82' lang='lat' dir='ltr'>perditur,</span> 
     </span>
     <span class='ocr_line' id='line_1_29' title="bbox 147 2865 1871 2952; baseline 0.001 -24"><span class='ocrx_word' id='word_1_186' title='bbox 147 2867 457 2949; x_wconf 88' lang='lat' dir='ltr'>nubesque</span> <span class='ocrx_word' id='word_1_187' title='bbox 482 2889 596 2951; x_wconf 90' lang='lat' dir='ltr'>pro</span> <span class='ocrx_word' id='word_1_188' title='bbox 630 2871 859 2930; x_wconf 85' lang='lat' dir='ltr'>lunone</span> <span class='ocrx_word' id='word_1_189' title='bbox 878 2886 1159 2952; x_wconf 84' lang='lat' dir='ltr'>captatur,</span> <span class='ocrx_word' id='word_1_190' title='bbox 1186 2866 1273 2929; x_wconf 87' lang='lat' dir='ltr'>vel</span> <span class='ocrx_word' id='word_1_191' title='bbox 1292 2865 1451 2927; x_wconf 87' lang='lat' dir='ltr'>enim</span> <span class='ocrx_word' id='word_1_192' title='bbox 1485 2883 1652 2928; x_wconf 88' lang='lat' dir='ltr'>totus</span> <span class='ocrx_word' id='word_1_193' title='bbox 1679 2868 1871 2952; x_wconf 79' lang='lat' dir='ltr'>argilla</span> 
     </span>
     <span class='ocr_line' id='line_1_30' title="bbox 149 2957 1870 3040; baseline 0.001 -18"><span class='ocrx_word' id='word_1_194' title='bbox 149 2959 414 3023; x_wconf 71' lang='lat' dir='ltr'>fumante</span> <span class='ocrx_word' id='word_1_195' title='bbox 443 2982 541 3023; x_wconf 88' lang='lat' dir='ltr'>aut</span> <span class='ocrx_word' id='word_1_196' title='bbox 569 2964 709 3025; x_wconf 89' lang='lat' dir='ltr'>limo</span> <span class='ocrx_word' id='word_1_197' title='bbox 735 2961 1026 3040; x_wconf 62' lang='lat' dir='ltr'>fueteiite,</span> <span class='ocrx_word' id='word_1_198' title='bbox 1059 2978 1157 3024; x_wconf 87' lang='lat' dir='ltr'>aut</span> <span class='ocrx_word' id='word_1_199' title='bbox 1183 2959 1359 3023; x_wconf 83' lang='lat' dir='ltr'>meris</span> <span class='ocrx_word' id='word_1_200' title='bbox 1380 2957 1651 3039; x_wconf 83' lang='lat' dir='ltr'>filicibus,</span> <span class='ocrx_word' id='word_1_201' title='bbox 1669 2977 1870 3024; x_wconf 46' lang='lat' dir='ltr'>autre*</span> 
     </span>
     <span class='ocr_line' id='line_1_31' title="bbox 148 3054 1871 3138; baseline -0.002 -23"><span class='ocrx_word' id='word_1_202' title='bbox 148 3054 475 3117; x_wconf 84' lang='lat' dir='ltr'>staceorum</span> <span class='ocrx_word' id='word_1_203' title='bbox 508 3076 566 3118; x_wconf 89' lang='lat' dir='ltr'>et</span> <span class='ocrx_word' id='word_1_204' title='bbox 584 3055 967 3119; x_wconf 77' lang='lat' dir='ltr'>coralliorum</span> <span class='ocrx_word' id='word_1_205' title='bbox 988 3073 1407 3119; x_wconf 82' lang='lat' dir='ltr'>emortuorum</span> <span class='ocrx_word' id='word_1_206' title='bbox 1426 3055 1742 3138; x_wconf 84' lang='lat' dir='ltr'>quisquiliis</span> <span class='ocrx_word' id='word_1_207' title='bbox 1757 3057 1871 3118; x_wconf 89' lang='lat' dir='ltr'>im-</span> 
     </span>
     <span class='ocr_line' id='line_1_32' title="bbox 147 3146 1869 3236; baseline 0.002 -27"><span class='ocrx_word' id='word_1_208' title='bbox 147 3147 367 3233; x_wconf 89' lang='lat' dir='ltr'>pletur‚</span> <span class='ocrx_word' id='word_1_209' title='bbox 400 3148 495 3211; x_wconf 88' lang='lat' dir='ltr'>vel</span> <span class='ocrx_word' id='word_1_210' title='bbox 522 3150 658 3212; x_wconf 78' lang='lat' dir='ltr'>saxis</span> <span class='ocrx_word' id='word_1_211' title='bbox 686 3151 1020 3236; x_wconf 82' lang='lat' dir='ltr'>praeruptis</span> <span class='ocrx_word' id='word_1_212' title='bbox 1049 3168 1107 3212; x_wconf 92' lang='lat' dir='ltr'>et</span> <span class='ocrx_word' id='word_1_213' title='bbox 1133 3146 1432 3214; x_wconf 77' lang='lat' dir='ltr'>latebrosis</span> <span class='ocrx_word' id='word_1_214' title='bbox 1461 3151 1729 3214; x_wconf 85' lang='lat' dir='ltr'>cautibus</span> <span class='ocrx_word' id='word_1_215' title='bbox 1759 3152 1869 3213; x_wconf 92' lang='lat' dir='ltr'>im-</span> 
     </span>
     <span class='ocr_line' id='line_1_33' title="bbox 147 3241 1870 3328; baseline 0.002 -23"><span class='ocrx_word' id='word_1_216' title='bbox 147 3243 384 3327; x_wconf 85' lang='lat' dir='ltr'>plicitus</span> <span class='ocrx_word' id='word_1_217' title='bbox 415 3241 696 3306; x_wconf 83' lang='lat' dir='ltr'>horarum</span> <span class='ocrx_word' id='word_1_218' title='bbox 734 3244 1044 3308; x_wconf 80' lang='lat' dir='ltr'>interuallo</span> <span class='ocrx_word' id='word_1_219' title='bbox 1077 3241 1166 3307; x_wconf 86' lang='lat' dir='ltr'>vel</span> <span class='ocrx_word' id='word_1_220' title='bbox 1194 3242 1259 3305; x_wconf 90' lang='lat' dir='ltr'>in</span> <span class='ocrx_word' id='word_1_221' title='bbox 1285 3259 1648 3328; x_wconf 85' lang='lat' dir='ltr'>perpetuum</span> <span class='ocrx_word' id='word_1_222' title='bbox 1667 3246 1870 3310; x_wconf 83' lang='lat' dir='ltr'>omnia</span> 
     </span>
     <span class='ocr_line' id='line_1_34' title="bbox 148 3336 1873 3423; baseline 0.002 -24"><span class='ocrx_word' id='word_1_223' title='bbox 148 3336 503 3422; x_wconf 89' lang='lat' dir='ltr'>experientis</span> <span class='ocrx_word' id='word_1_224' title='bbox 518 3357 635 3402; x_wconf 74' lang='lat' dir='ltr'>reti</span> <span class='ocrx_word' id='word_1_225' title='bbox 638 3338 878 3403; x_wconf 82' lang='lat' dir='ltr'>aliendi</span> <span class='ocrx_word' id='word_1_226' title='bbox 864 3357 1107 3402; x_wconf 85' lang='lat' dir='ltr'>inuenta</span> <span class='ocrx_word' id='word_1_227' title='bbox 1126 3337 1392 3404; x_wconf 78' lang='lat' dir='ltr'>fr3ustrat</span> <span class='ocrx_word' id='word_1_228' title='bbox 1422 3337 1724 3403; x_wconf 88' lang='lat' dir='ltr'>interdum</span> <span class='ocrx_word' id='word_1_229' title='bbox 1737 3341 1873 3423; x_wconf 90' lang='lat' dir='ltr'>qui-</span> 
     </span>
     <span class='ocr_line' id='line_1_35' title="bbox 146 3429 1869 3523; baseline 0.004 -30"><span class='ocrx_word' id='word_1_230' title='bbox 146 3429 285 3494; x_wconf 86' lang='lat' dir='ltr'>dem</span> <span class='ocrx_word' id='word_1_231' title='bbox 313 3452 498 3495; x_wconf 88' lang='lat' dir='ltr'>vnum</span> <span class='ocrx_word' id='word_1_232' title='bbox 525 3450 585 3496; x_wconf 92' lang='lat' dir='ltr'>et</span> <span class='ocrx_word' id='word_1_233' title='bbox 610 3427 853 3497; x_wconf 73' lang='lat' dir='ltr'>alterum</span> <span class='ocrx_word' id='word_1_234' title='bbox 878 3433 1198 3523; x_wconf 77' lang='lat' dir='ltr'>molluscum,</span> <span class='ocrx_word' id='word_1_235' title='bbox 1238 3431 1633 3515; x_wconf 74' lang='lat' dir='ltr'>helminthicum,</span> <span class='ocrx_word' id='word_1_236' title='bbox 1669 3453 1766 3498; x_wconf 84' lang='lat' dir='ltr'>aut</span> <span class='ocrx_word' id='word_1_237' title='bbox 1799 3447 1869 3499; x_wconf 76' lang='lat' dir='ltr'>te-</span> 
     </span>
    </p>
   </div>
   <div class='ocr_carea' id='block_1_3' title="bbox 1156 3528 1883 3615">
    <p class='ocr_par' dir='ltr' id='par_1_6' title="bbox 1156 3528 1883 3615">
     <span class='ocr_line' id='line_1_36' title="bbox 1156 3528 1883 3615; baseline 0 -22"><span class='ocrx_word' id='word_1_238' title='bbox 1156 3552 1186 3612; x_wconf 78' lang='lat'><em>3</em></span> <span class='ocrx_word' id='word_1_239' title='bbox 1631 3528 1883 3615; x_wconf 78' lang='lat' dir='ltr'>staceum</span> 
     </span>
    </p>
   </div>
  </div>
 </body>
</html>
