2008 3677
81 116 164 180 '40
515 118 884 183 As‘ratuas
951 120 1378 164 rvnvuamrs.

790 255 932 316 Tab.
967 261 1051 315 xl
1068 262 1125 316 x.

441 367 907 441 ASTERIAS
979 373 1464 441 PVLVILLVS

222 513 627 580 ASTERIAS
652 515 851 578 lunata
874 514 1113 592 lubrica,
1141 515 1407 599 margine
1435 515 1676 596 integro
1703 534 1824 582 mu-

98 596 227 663 tilo
303 604 454 663 Zool.
487 601 536 658 d
562 601 748 681 prodr.
777 609 949 679 2827

354 731 494 786 Dan
518 725 839 785 Tabouret-
859 727 1144 797 Stiernen3
1184 726 1616 808 Naale-puden.

273 856 427 913 Inter
450 853 796 936 pulchriores
828 849 1060 913 Asterias
1087 853 1223 910 haec
1247 855 1433 912 locum
1460 853 1690 913 obtinet.

231 959 476 1018 Dorsum
503 960 591 1016 seu
619 957 935 1039 superficies
960 970 1078 1017 tota
1106 959 1474 1033 nigro-rubra
1502 960 1591 1017 seu
1622 961 1834 1036 sangui-

108 1064 228 1116 nea,
255 1041 477 1125 punfi‘iis
510 1043 875 1123 cuspidalibus
912 1045 1147 1100 miliariis
1175 1044 1305 1102 albis
1339 1048 1393 1102 in
1425 1045 1609 1121 strigas
1640 1045 1836 1104 decem

109 1152 142 1188 a
167 1143 363 1189 centro
402 1128 468 1187 ad
494 1131 704 1209 apicem
740 1129 948 1207 absque
974 1127 1168 1184 ordine
1193 1126 1410 1206 sparsis;
1464 1131 1602 1187 haec
1632 1128 1838 1210 punf’ca

111 1214 240 1273 sunt
274 1213 522 1295 cuspides
559 1213 835 1281 carnosae,
882 1211 1122 1270 lubricae
1177 1226 1232 1269 et
1279 1216 1531 1272 muticae.
1617 1219 1678 1271 In
1729 1217 1840 1295 ipsa

112 1313 347 1357 cruenta
369 1312 498 1357 cute
522 1297 675 1356 striae
713 1297 979 1378 quaedam
1020 1298 1360 1355 transuersae
1385 1302 1627 1357 minores
1654 1315 1709 1357 et
1733 1300 1841 1380 pal·

114 1381 338 1442 lidiores
379 1384 444 1442 ad
483 1385 791 1459 marginem
832 1397 1201 1439 excurrentes.
1283 1388 1484 1459 Margo
1523 1387 1608 1441 vix
1644 1387 1841 1442 articu-

114 1467 275 1538 lat-m,
312 1467 623 1549 cuspidibus
651 1466 845 1525 decem
872 1483 929 1524 et
953 1467 1104 1535 vltra,
1129 1468 1409 1542 angulum,
1439 1476 1604 1548 quem
1635 1491 1843 1526 cornua

115 1550 232 1610 flue
268 1554 400 1611 radii
436 1549 701 1624 efficiunt,
738 1551 1155 1631 occupantibus.
1239 1553 1442 1611 Subtus
1470 1554 1600 1621 alba,
1639 1554 1842 1628 glabra,

118 1635 311 1695 vmbra
345 1639 560 1696 rosacea
594 1640 736 1695 intra
761 1640 1094 1712 marginem:
1150 1638 1293 1694 Sulci
1325 1640 1572 1717 quinque
1599 1640 1842 1717 pinnulis

119 1721 558 1782 horizontalibus
595 1720 756 1792 teffi3
821 1743 943 1781 area
974 1724 1282 1803 intercepta
1322 1724 1516 1781 areolis
1551 1724 1845 1805 inaequali-

121 1805 227 1865 bus
253 1806 398 1887 quasi
427 1805 685 1866 teffellata
712 1768 802 1863 e⁷st

295 1896 511 1973 Corpus
546 1889 875 1950 nostratibus
921 1890 1146 1973 reliquis
1196 1889 1436 1962 craffim,
1477 1891 1846 1971 puluinatum,

126 1976 221 2036 seu
256 1977 494 2057 superne
526 1977 684 2036 valde
721 1998 1067 2048 connexum,
1105 1974 1293 2034 subtus
1336 1997 1561 2045 cauum,
1602 1978 1846 2057 apicibus

125 2081 403 2121 cornuum
433 2061 578 2142 quafi
610 2060 846 2119 totidem
869 2061 1103 2141 pedibus
1130 2057 1449 2129 suffultum
1489 2060 1667 2118 radios
1695 2065 1847 2120 euim

128 2146 440 2217 extendere,
467 2167 573 2205 nec
596 2147 878 2205 tentacula
904 2145 1147 2203 exserere
1175 2145 1313 2202 mihi
1339 2167 1595 2223 mquam,
1637 2144 1750 2203 dies
1787 2146 1852 2203 li-

127 2243 220 2289 cet
244 2231 391 2312 apud
419 2253 512 2290 me
539 2233 704 2290 vitam
725 2229 1064 2312 produxerit,
1090 2231 1197 2289 visa
1225 2228 1312 2287 est.
1393 2227 1663 2289 Exsiccata
1690 2232 1853 2311 supra

126 2313 309 2375 scabra
334 2315 513 2389 euasit,
551 2338 858 2398 margoque
884 2315 1299 2376 subarticulatus
1326 2317 1608 2397 apparuit3
1662 2314 1851 2375 subtus

125 2402 389 2461 variolosa
411 2400 503 2462 est.

295 2489 549 2544 Proxime
580 2485 786 2544 accedit
811 2482 1051 2545 Asteriae
1064 2486 1274 2567 pistnae,
1310 2505 1473 2563 quam
1500 2486 1680 2559 viuam
1707 2482 1857 2541 haud.

128 2569 254 2630 vidi.
295 2572 565 2629 Maeandr
569 2573 668 2628 ites
696 2571 752 2627 in
778 2572 881 2628 hac
905 2572 981 2627 vti
1002 2572 1058 2627 in
1089 2568 1512 2644 congeneribus

303 2663 463 2735 Aqua
498 2656 756 2713 feruente
787 2653 1003 2734 perfusa
1037 2655 1206 2732 ipsam
1244 2674 1441 2732 aquam
1481 2651 1670 2709 colore
1708 2618 1856 2710 rubi-

137 2738 343 2799 cundo
357 2743 548 2803 tinxitz
613 2735 814 2819 puritia
867 2737 1156 2816 cuspidalia
1205 2738 1323 2796 alba
1362 2741 1419 2794 in
1467 2735 1678 2794 feruida
1716 2758 1855 2817 aqua

132 2826 481 2894 euanescunt,
522 2805 650 2884 seu
639 2845 693 2880 m
721 2819 925 2902 punEla
953 2822 1202 2879 luccinea
1225 2821 1601 2895 coagulantur.

300 2915 365 2967 In
402 2908 521 2967 sinu
555 2908 927 2988 Drb‘bachienfi
977 2908 1126 2964 iuxta
1153 2906 1387 2965 insulam
1424 2904 1645 2964 Kaholm
1672 2906 1857 2987 reperi

137 3013 290 3073 1773
322 2992 650 3051 rarissimam.

303 3097 339 3145 F
342 3094 407 3158 ig.
433 3105 474 3142 1.
513 3093 752 3143 Asteriam
788 3089 993 3140 naturali
1017 3088 1115 3150 situ,

304 3177 409 3244 Fig.
427 3190 477 3227 2.
521 3178 754 3245 paginam
775 3171 1067 3227 inferiorem
1091 3170 1218 3222 radii
1243 3172 1488 3223 monstrat.

1505 3243 1858 3312 CALLIO-
