<?xml version="1.0" encoding="UTF-8"?>
<!DOCTYPE html PUBLIC "-//W3C//DTD XHTML 1.0 Transitional//EN"
    "http://www.w3.org/TR/xhtml1/DTD/xhtml1-transitional.dtd">
<html xmlns="http://www.w3.org/1999/xhtml" xml:lang="en" lang="en">
 <head>
  <title>
</title>
<meta http-equiv="Content-Type" content="text/html;charset=utf-8" />
  <meta name='ocr-system' content='tesseract 3.04.00' />
  <meta name='ocr-capabilities' content='ocr_page ocr_carea ocr_par ocr_line ocrx_word'/>
</head>
<body>
  <div class='ocr_page' id='page_1' title='image "./zoologiadanicase01ml_0029.png"; bbox 0 0 2008 3677; ppageno 0'>
   <div class='ocr_carea' id='block_1_1' title="bbox 368 67 1778 361">
    <p class='ocr_par' dir='ltr' id='par_1_1' title="bbox 368 67 1778 361">
     <span class='ocr_line' id='line_1_1' title="bbox 451 67 1778 196; baseline 0.003 -27"><span class='ocrx_word' id='word_1_1' title='bbox 451 103 859 169; x_wconf 76' lang='lat' dir='ltr'>TR1cnoDA</span> <span class='ocrx_word' id='word_1_2' title='bbox 914 67 1383 183; x_wconf 55' lang='lat' dir='ltr'>moyivasi</span> <span class='ocrx_word' id='word_1_3' title='bbox 1692 120 1778 196; x_wconf 56' lang='lat'>&#39;172</span> 
     </span>
     <span class='ocr_line' id='line_1_2' title="bbox 368 258 1458 361; baseline 0.004 -24"><span class='ocrx_word' id='word_1_4' title='bbox 368 258 894 339; x_wconf 82' lang='lat' dir='ltr'>TRICHODA</span> <span class='ocrx_word' id='word_1_5' title='bbox 944 274 1458 361; x_wconf 81' lang='lat' dir='ltr'>JNQILINVS.</span> 
     </span>
    </p>
   </div>
   <div class='ocr_carea' id='block_1_2' title="bbox 50 429 1779 607">
    <p class='ocr_par' dir='ltr' id='par_1_2' title="bbox 50 429 1779 607">
     <span class='ocr_line' id='line_1_3' title="bbox 175 429 1779 520; baseline 0.001 -23"><span class='ocrx_word' id='word_1_6' title='bbox 175 432 242 497; x_wconf 94' lang='lat' dir='ltr'>T</span> <span class='ocrx_word' id='word_1_7' title='bbox 243 431 637 496; x_wconf 88' lang='lat' dir='ltr'>RICHODA</span> <span class='ocrx_word' id='word_1_8' title='bbox 664 431 951 516; x_wconf 65' lang='lat' dir='ltr'>vaginata,</span> <span class='ocrx_word' id='word_1_9' title='bbox 965 429 1243 493; x_wconf 88' lang='lat' dir='ltr'>folliculo</span> <span class='ocrx_word' id='word_1_10' title='bbox 1260 432 1621 515; x_wconf 89' lang='lat' dir='ltr'>cylindrico,</span> <span class='ocrx_word' id='word_1_11' title='bbox 1633 435 1779 520; x_wconf 85' lang='lat' dir='ltr'>bya-</span> 
     </span>
     <span class='ocr_line' id='line_1_4' title="bbox 50 514 1456 607; baseline -0.005 -27"><span class='ocrx_word' id='word_1_12' title='bbox 50 514 200 597; x_wconf 84' lang='lat' dir='ltr'>lino,</span> <span class='ocrx_word' id='word_1_13' title='bbox 227 515 537 602; x_wconf 85' lang='lat' dir='ltr'>pedicello</span> <span class='ocrx_word' id='word_1_14' title='bbox 561 515 832 607; x_wconf 85' lang='lat' dir='ltr'>retortili.</span> <span class='ocrx_word' id='word_1_15' title='bbox 870 518 1022 576; x_wconf 73' lang='lat' dir='ltr'>Zool.</span> <span class='ocrx_word' id='word_1_16' title='bbox 1048 514 1094 574; x_wconf 86' lang='lat' dir='ltr'>d.</span> <span class='ocrx_word' id='word_1_17' title='bbox 1118 517 1306 597; x_wconf 78' lang='lat' dir='ltr'>prodr.</span> <span class='ocrx_word' id='word_1_18' title='bbox 1330 527 1456 586; x_wconf 87' lang='lat'>281.</span> 
     </span>
    </p>
   </div>
   <div class='ocr_carea' id='block_1_3' title="bbox 337 652 1018 733">
    <p class='ocr_par' dir='ltr' id='par_1_3' title="bbox 337 652 1018 733">
     <span class='ocr_line' id='line_1_5' title="bbox 337 652 1018 733; baseline -0.006 -21"><span class='ocrx_word' id='word_1_19' title='bbox 337 657 476 713; x_wconf 86' lang='lat' dir='ltr'>Dan.</span> <span class='ocrx_word' id='word_1_20' title='bbox 503 652 1018 733; x_wconf 72' lang='lat' dir='ltr'>Logte-Spilleren.</span> 
     </span>
    </p>
   </div>
   <div class='ocr_carea' id='block_1_4' title="bbox 46 806 1778 977">
    <p class='ocr_par' dir='ltr' id='par_1_4' title="bbox 46 806 1778 977">
     <span class='ocr_line' id='line_1_6' title="bbox 216 806 1778 892; baseline 0.006 -25"><span class='ocrx_word' id='word_1_21' title='bbox 216 812 374 867; x_wconf 89' lang='lat' dir='ltr'>Inter</span> <span class='ocrx_word' id='word_1_22' title='bbox 402 810 630 866; x_wconf 88' lang='lat' dir='ltr'>minima</span> <span class='ocrx_word' id='word_1_23' title='bbox 664 807 987 866; x_wconf 85' lang='lat' dir='ltr'>animalcula</span> <span class='ocrx_word' id='word_1_24' title='bbox 1019 807 1157 866; x_wconf 88' lang='lat' dir='ltr'>haec</span> <span class='ocrx_word' id='word_1_25' title='bbox 1192 806 1297 880; x_wconf 79' lang='lat' dir='ltr'>est,</span> <span class='ocrx_word' id='word_1_26' title='bbox 1349 832 1572 892; x_wconf 81' lang='lat' dir='ltr'>opeque</span> <span class='ocrx_word' id='word_1_27' title='bbox 1607 813 1778 879; x_wconf 88' lang='lat' dir='ltr'>lentis-</span> 
     </span>
     <span class='ocr_line' id='line_1_7' title="bbox 46 890 1774 977; baseline 0.008 -27"><span class='ocrx_word' id='word_1_28' title='bbox 46 897 166 952; x_wconf 92' lang='lat' dir='ltr'>No.</span> <span class='ocrx_word' id='word_1_29' title='bbox 189 913 231 965; x_wconf 87' lang='lat'>4</span> <span class='ocrx_word' id='word_1_30' title='bbox 270 890 528 974; x_wconf 72' lang='lat' dir='ltr'>simplicis</span> <span class='ocrx_word' id='word_1_31' title='bbox 566 892 917 974; x_wconf 87' lang='lat' dir='ltr'>microscopii</span> <span class='ocrx_word' id='word_1_32' title='bbox 952 893 1147 951; x_wconf 86' lang='lat' dir='ltr'>oculus</span> <span class='ocrx_word' id='word_1_33' title='bbox 1183 909 1401 955; x_wconf 87' lang='lat' dir='ltr'>tantum</span> <span class='ocrx_word' id='word_1_34' title='bbox 1433 895 1774 977; x_wconf 54' lang='lat' dir='ltr'>punctulum</span> 
     </span>
    </p>
   </div>
   <div class='ocr_carea' id='block_1_5' title="bbox 42 974 530 1058">
    <p class='ocr_par' dir='ltr' id='par_1_5' title="bbox 42 974 530 1058">
     <span class='ocr_line' id='line_1_8' title="bbox 42 974 530 1058; baseline -0.006 -20"><span class='ocrx_word' id='word_1_35' title='bbox 42 974 254 1038; x_wconf 78' lang='lat' dir='ltr'>mobile</span> <span class='ocrx_word' id='word_1_36' title='bbox 275 978 530 1058; x_wconf 81' lang='lat' dir='ltr'>percipit.</span> 
     </span>
    </p>
   </div>
   <div class='ocr_carea' id='block_1_6' title="bbox 37 1129 1775 1804">
    <p class='ocr_par' dir='ltr' id='par_1_6' title="bbox 37 1129 1775 1804">
     <span class='ocr_line' id='line_1_9' title="bbox 217 1129 1775 1221; baseline -0.001 -31"><span class='ocrx_word' id='word_1_37' title='bbox 217 1153 633 1197; x_wconf 70' lang='lat' dir='ltr'>Fomevzvs</span> <span class='ocrx_word' id='word_1_38' title='bbox 658 1129 751 1188; x_wconf 87' lang='lat' dir='ltr'>seu</span> <span class='ocrx_word' id='word_1_39' title='bbox 777 1132 971 1206; x_wconf 80' lang='lat' dir='ltr'>vagina</span> <span class='ocrx_word' id='word_1_40' title='bbox 998 1145 1164 1192; x_wconf 88' lang='lat' dir='ltr'>ouato</span> <span class='ocrx_word' id='word_1_41' title='bbox 1191 1130 1447 1210; x_wconf 86' lang='lat' dir='ltr'>oblonga,</span> <span class='ocrx_word' id='word_1_42' title='bbox 1461 1147 1621 1208; x_wconf 82' lang='lat' dir='ltr'>teres,</span> <span class='ocrx_word' id='word_1_43' title='bbox 1637 1139 1775 1221; x_wconf 66' lang='lat' dir='ltr'>hya⁴</span> 
     </span>
     <span class='ocr_line' id='line_1_10' title="bbox 44 1213 1773 1302; baseline 0.005 -28"><span class='ocrx_word' id='word_1_44' title='bbox 44 1217 174 1283; x_wconf 84' lang='lat' dir='ltr'>lina,</span> <span class='ocrx_word' id='word_1_45' title='bbox 200 1216 338 1274; x_wconf 80' lang='lat' dir='ltr'>adeo</span> <span class='ocrx_word' id='word_1_46' title='bbox 365 1214 639 1294; x_wconf 85' lang='lat' dir='ltr'>pellucida</span> <span class='ocrx_word' id='word_1_47' title='bbox 667 1213 755 1282; x_wconf 89' lang='lat' dir='ltr'>est,</span> <span class='ocrx_word' id='word_1_48' title='bbox 778 1230 841 1272; x_wconf 82' lang='lat' dir='ltr'>vt</span> <span class='ocrx_word' id='word_1_49' title='bbox 868 1219 1098 1274; x_wconf 83' lang='lat' dir='ltr'>maxima</span> <span class='ocrx_word' id='word_1_50' title='bbox 1122 1218 1550 1297; x_wconf 76' lang='lat' dir='ltr'>amplificatione</span> <span class='ocrx_word' id='word_1_51' title='bbox 1575 1245 1773 1302; x_wconf 85' lang='lat' dir='ltr'>margo</span> 
     </span>
     <span class='ocr_line' id='line_1_11' title="bbox 43 1298 1774 1377; baseline 0.006 -17"><span class='ocrx_word' id='word_1_52' title='bbox 43 1312 267 1360; x_wconf 87' lang='lat' dir='ltr'>tantum</span> <span class='ocrx_word' id='word_1_53' title='bbox 292 1301 508 1358; x_wconf 86' lang='lat' dir='ltr'>linearis</span> <span class='ocrx_word' id='word_1_54' title='bbox 525 1313 581 1356; x_wconf 85' lang='lat' dir='ltr'>et</span> <span class='ocrx_word' id='word_1_55' title='bbox 596 1298 1003 1377; x_wconf 84' lang='lat' dir='ltr'>quidemoculo</span> <span class='ocrx_word' id='word_1_56' title='bbox 1032 1302 1502 1364; x_wconf 83' lang='lat' dir='ltr'>obseruationibus</span> <span class='ocrx_word' id='word_1_57' title='bbox 1532 1306 1774 1370; x_wconf 83' lang='lat' dir='ltr'>inuisibi-</span> 
     </span>
     <span class='ocr_line' id='line_1_12' title="bbox 44 1383 1775 1461; baseline 0 -17"><span class='ocrx_word' id='word_1_58' title='bbox 44 1385 186 1444; x_wconf 87' lang='lat' dir='ltr'>lium</span> <span class='ocrx_word' id='word_1_59' title='bbox 210 1383 432 1442; x_wconf 86' lang='lat' dir='ltr'>adsueto</span> <span class='ocrx_word' id='word_1_60' title='bbox 457 1383 669 1461; x_wconf 82' lang='lat' dir='ltr'>percipi</span> <span class='ocrx_word' id='word_1_61' title='bbox 699 1396 876 1460; x_wconf 81' lang='lat' dir='ltr'>queat.</span> <span class='ocrx_word' id='word_1_62' title='bbox 918 1386 1074 1440; x_wconf 86' lang='lat' dir='ltr'>Huic</span> <span class='ocrx_word' id='word_1_63' title='bbox 1096 1387 1346 1445; x_wconf 85' lang='lat' dir='ltr'>innatum</span> <span class='ocrx_word' id='word_1_64' title='bbox 1376 1387 1451 1445; x_wconf 84' lang='lat' dir='ltr'>est</span> <span class='ocrx_word' id='word_1_65' title='bbox 1474 1394 1775 1455; x_wconf 76' lang='lat' dir='ltr'>animalcu-</span> 
     </span>
     <span class='ocr_line' id='line_1_13' title="bbox 41 1465 1773 1550; baseline 0.003 -23"><span class='ocrx_word' id='word_1_66' title='bbox 41 1469 177 1536; x_wconf 84' lang='lat' dir='ltr'>lum,</span> <span class='ocrx_word' id='word_1_67' title='bbox 202 1465 353 1546; x_wconf 85' lang='lat' dir='ltr'>quod</span> <span class='ocrx_word' id='word_1_68' title='bbox 381 1488 862 1524; x_wconf 76' lang='lat' dir='ltr'>VORTIGELLAM</span> <span class='ocrx_word' id='word_1_69' title='bbox 898 1465 1325 1545; x_wconf 83' lang='lat' dir='ltr'>pedunculatam</span> <span class='ocrx_word' id='word_1_70' title='bbox 1364 1472 1468 1529; x_wconf 83' lang='lat' dir='ltr'>dici</span> <span class='ocrx_word' id='word_1_71' title='bbox 1497 1476 1773 1550; x_wconf 79' lang='lat' dir='ltr'>crederes,</span> 
     </span>
     <span class='ocr_line' id='line_1_14' title="bbox 42 1547 1771 1637; baseline 0.005 -27"><span class='ocrx_word' id='word_1_72' title='bbox 42 1552 225 1610; x_wconf 87' lang='lat' dir='ltr'>donec</span> <span class='ocrx_word' id='word_1_73' title='bbox 238 1547 484 1609; x_wconf 55' lang='lat' dir='ltr'>defectus</span> <span class='ocrx_word' id='word_1_74' title='bbox 509 1552 796 1608; x_wconf 79' lang='lat' dir='ltr'>rotationis</span> <span class='ocrx_word' id='word_1_75' title='bbox 823 1551 1079 1609; x_wconf 86' lang='lat' dir='ltr'>ciliorum</span> <span class='ocrx_word' id='word_1_76' title='bbox 1105 1574 1164 1609; x_wconf 82' lang='lat' dir='ltr'>ac</span> <span class='ocrx_word' id='word_1_77' title='bbox 1191 1557 1412 1613; x_wconf 84' lang='lat' dir='ltr'>micatio</span> <span class='ocrx_word' id='word_1_78' title='bbox 1435 1557 1680 1637; x_wconf 85' lang='lat' dir='ltr'>pilorum</span> <span class='ocrx_word' id='word_1_79' title='bbox 1708 1564 1771 1623; x_wconf 79' lang='lat' dir='ltr'>in</span> 
     </span>
     <span class='ocr_line' id='line_1_15' title="bbox 40 1635 1770 1723; baseline 0.006 -28"><span class='ocrx_word' id='word_1_80' title='bbox 40 1635 340 1695; x_wconf 86' lang='lat' dir='ltr'>Trichodis</span> <span class='ocrx_word' id='word_1_81' title='bbox 367 1635 521 1693; x_wconf 89' lang='lat' dir='ltr'>solita</span> <span class='ocrx_word' id='word_1_82' title='bbox 543 1636 655 1692; x_wconf 83' lang='lat' dir='ltr'>hoc</span> <span class='ocrx_word' id='word_1_83' title='bbox 678 1635 995 1693; x_wconf 82' lang='lat' dir='ltr'>animalium</span> <span class='ocrx_word' id='word_1_84' title='bbox 1032 1639 1307 1696; x_wconf 78' lang='lat' dir='ltr'>nouitium</span> <span class='ocrx_word' id='word_1_85' title='bbox 1338 1642 1422 1698; x_wconf 83' lang='lat' dir='ltr'>his</span> <span class='ocrx_word' id='word_1_86' title='bbox 1448 1642 1770 1723; x_wconf 81' lang='lat' dir='ltr'>vindicaret,</span> 
     </span>
     <span class='ocr_line' id='line_1_16' title="bbox 37 1718 1734 1804; baseline 0.004 -24"><span class='ocrx_word' id='word_1_87' title='bbox 37 1721 168 1780; x_wconf 90' lang='lat' dir='ltr'>licet</span> <span class='ocrx_word' id='word_1_88' title='bbox 189 1742 251 1779; x_wconf 89' lang='lat' dir='ltr'>re</span> <span class='ocrx_word' id='word_1_89' title='bbox 273 1742 400 1781; x_wconf 81' lang='lat' dir='ltr'>vera</span> <span class='ocrx_word' id='word_1_90' title='bbox 424 1719 496 1777; x_wconf 92' lang='lat' dir='ltr'>ob</span> <span class='ocrx_word' id='word_1_91' title='bbox 519 1718 855 1800; x_wconf 85' lang='lat' dir='ltr'>pedicellum</span> <span class='ocrx_word' id='word_1_92' title='bbox 882 1722 1029 1777; x_wconf 85' lang='lat' dir='ltr'>inter</span> <span class='ocrx_word' id='word_1_93' title='bbox 1051 1735 1351 1804; x_wconf 77' lang='lat' dir='ltr'>Vtrumque</span> <span class='ocrx_word' id='word_1_94' title='bbox 1377 1725 1624 1787; x_wconf 83' lang='lat' dir='ltr'>medium</span> <span class='ocrx_word' id='word_1_95' title='bbox 1651 1728 1734 1790; x_wconf 79' lang='lat' dir='ltr'>sit.</span> 
     </span>
    </p>
   </div>
   <div class='ocr_carea' id='block_1_7' title="bbox 28 1891 1766 2651">
    <p class='ocr_par' dir='ltr' id='par_1_7' title="bbox 28 1891 1766 2651">
     <span class='ocr_line' id='line_1_17' title="bbox 209 1891 1766 1969; baseline 0.012 -18"><span class='ocrx_word' id='word_1_96' title='bbox 209 1913 605 1951; x_wconf 74' lang='lat' dir='ltr'><strong>cAPn-vaM</strong></span> <span class='ocrx_word' id='word_1_97' title='bbox 649 1891 1025 1952; x_wconf 82' lang='lat' dir='ltr'>crateriforme</span> <span class='ocrx_word' id='word_1_98' title='bbox 1071 1897 1361 1958; x_wconf 82' lang='lat' dir='ltr'>moleculis</span> <span class='ocrx_word' id='word_1_99' title='bbox 1402 1900 1644 1965; x_wconf 83' lang='lat' dir='ltr'>obscuris</span> <span class='ocrx_word' id='word_1_100' title='bbox 1682 1930 1766 1969; x_wconf 72' lang='lat' dir='ltr'>re-</span> 
     </span>
     <span class='ocr_line' id='line_1_18' title="bbox 34 1976 1766 2064; baseline 0.009 -26"><span class='ocrx_word' id='word_1_101' title='bbox 34 1979 273 2064; x_wconf 84' lang='lat' dir='ltr'>pletum,</span> <span class='ocrx_word' id='word_1_102' title='bbox 288 1979 442 2057; x_wconf 88' lang='lat' dir='ltr'>apice</span> <span class='ocrx_word' id='word_1_103' title='bbox 470 1976 674 2034; x_wconf 85' lang='lat' dir='ltr'>halone</span> <span class='ocrx_word' id='word_1_104' title='bbox 697 1977 843 2036; x_wconf 86' lang='lat' dir='ltr'>forte</span> <span class='ocrx_word' id='word_1_105' title='bbox 867 1999 932 2036; x_wconf 81' lang='lat' dir='ltr'>ex</span> <span class='ocrx_word' id='word_1_106' title='bbox 961 1983 1238 2039; x_wconf 82' lang='lat' dir='ltr'>rotatione</span> <span class='ocrx_word' id='word_1_107' title='bbox 1262 1985 1516 2046; x_wconf 85' lang='lat' dir='ltr'>ciliorum</span> <span class='ocrx_word' id='word_1_108' title='bbox 1546 1994 1766 2054; x_wconf 84' lang='lat' dir='ltr'>occulta</span> 
     </span>
     <span class='ocr_line' id='line_1_19' title="bbox 35 2062 1763 2148; baseline 0.008 -24"><span class='ocrx_word' id='word_1_109' title='bbox 35 2062 388 2141; x_wconf 84' lang='lat' dir='ltr'>cingebatur3</span> <span class='ocrx_word' id='word_1_110' title='bbox 430 2063 567 2119; x_wconf 86' lang='lat' dir='ltr'>haec</span> <span class='ocrx_word' id='word_1_111' title='bbox 590 2062 924 2141; x_wconf 86' lang='lat' dir='ltr'>aliquamdiu</span> <span class='ocrx_word' id='word_1_112' title='bbox 959 2083 1031 2121; x_wconf 88' lang='lat' dir='ltr'>ne</span> <span class='ocrx_word' id='word_1_113' title='bbox 1065 2069 1284 2125; x_wconf 86' lang='lat' dir='ltr'>armatis</span> <span class='ocrx_word' id='word_1_114' title='bbox 1323 2072 1547 2148; x_wconf 79' lang='lat' dir='ltr'>quidem</span> <span class='ocrx_word' id='word_1_115' title='bbox 1585 2070 1763 2137; x_wconf 72' lang='lat' dir='ltr'>oculis</span> 
     </span>
     <span class='ocr_line' id='line_1_20' title="bbox 32 2144 1764 2233; baseline 0.008 -26"><span class='ocrx_word' id='word_1_116' title='bbox 32 2151 326 2233; x_wconf 85' lang='lat' dir='ltr'>percipere</span> <span class='ocrx_word' id='word_1_117' title='bbox 350 2148 526 2228; x_wconf 86' lang='lat' dir='ltr'>potui,</span> <span class='ocrx_word' id='word_1_118' title='bbox 565 2144 855 2226; x_wconf 82' lang='lat' dir='ltr'>postquam</span> <span class='ocrx_word' id='word_1_119' title='bbox 892 2170 1024 2206; x_wconf 85' lang='lat' dir='ltr'>vero</span> <span class='ocrx_word' id='word_1_120' title='bbox 1060 2151 1118 2207; x_wconf 91' lang='lat' dir='ltr'>in</span> <span class='ocrx_word' id='word_1_121' title='bbox 1154 2152 1451 2214; x_wconf 82' lang='lat' dir='ltr'>maioribus</span> <span class='ocrx_word' id='word_1_122' title='bbox 1488 2159 1595 2216; x_wconf 86' lang='lat' dir='ltr'>sese</span> <span class='ocrx_word' id='word_1_123' title='bbox 1632 2181 1764 2221; x_wconf 88' lang='lat' dir='ltr'>con-</span> 
     </span>
     <span class='ocr_line' id='line_1_21' title="bbox 31 2230 1764 2317; baseline 0.008 -25"><span class='ocrx_word' id='word_1_124' title='bbox 31 2230 309 2316; x_wconf 86' lang='lat' dir='ltr'>spicienda</span> <span class='ocrx_word' id='word_1_125' title='bbox 343 2230 676 2312; x_wconf 86' lang='lat' dir='ltr'>praebuere,</span> <span class='ocrx_word' id='word_1_126' title='bbox 715 2231 962 2312; x_wconf 86' lang='lat' dir='ltr'>pilorum</span> <span class='ocrx_word' id='word_1_127' title='bbox 997 2252 1206 2293; x_wconf 85' lang='lat' dir='ltr'>nomen</span> <span class='ocrx_word' id='word_1_128' title='bbox 1239 2241 1419 2317; x_wconf 79' lang='lat' dir='ltr'>aptius</span> <span class='ocrx_word' id='word_1_129' title='bbox 1458 2248 1764 2305; x_wconf 86' lang='lat' dir='ltr'>conuenire</span> 
     </span>
     <span class='ocr_line' id='line_1_22' title="bbox 33 2315 1766 2408; baseline 0.001 -32"><span class='ocrx_word' id='word_1_130' title='bbox 33 2319 108 2378; x_wconf 90' lang='lat' dir='ltr'>ob</span> <span class='ocrx_word' id='word_1_131' title='bbox 132 2318 479 2375; x_wconf 83' lang='lat' dir='ltr'>micationem</span> <span class='ocrx_word' id='word_1_132' title='bbox 503 2315 710 2395; x_wconf 84' lang='lat' dir='ltr'>absque</span> <span class='ocrx_word' id='word_1_133' title='bbox 732 2319 1012 2375; x_wconf 87' lang='lat' dir='ltr'>rotatione</span> <span class='ocrx_word' id='word_1_134' title='bbox 1038 2317 1334 2380; x_wconf 83' lang='lat' dir='ltr'>videbatur.</span> <span class='ocrx_word' id='word_1_135' title='bbox 1410 2331 1585 2408; x_wconf 86' lang='lat' dir='ltr'>Saepe</span> <span class='ocrx_word' id='word_1_136' title='bbox 1609 2349 1766 2407; x_wconf 76' lang='lat' dir='ltr'>orga-</span> 
     </span>
     <span class='ocr_line' id='line_1_23' title="bbox 30 2398 1763 2481; baseline 0.009 -23"><span class='ocrx_word' id='word_1_137' title='bbox 30 2422 169 2462; x_wconf 88' lang='lat' dir='ltr'>num</span> <span class='ocrx_word' id='word_1_138' title='bbox 204 2401 449 2481; x_wconf 89' lang='lat' dir='ltr'>pilorum</span> <span class='ocrx_word' id='word_1_139' title='bbox 487 2398 720 2481; x_wconf 52' lang='lat' dir='ltr'>pectinis</span> <span class='ocrx_word' id='word_1_140' title='bbox 762 2398 926 2475; x_wconf 80' lang='lat' dir='ltr'>instar</span> <span class='ocrx_word' id='word_1_141' title='bbox 961 2402 1242 2477; x_wconf 85' lang='lat' dir='ltr'>dilatatur,</span> <span class='ocrx_word' id='word_1_142' title='bbox 1281 2420 1403 2466; x_wconf 87' lang='lat' dir='ltr'>tum</span> <span class='ocrx_word' id='word_1_143' title='bbox 1443 2410 1638 2472; x_wconf 83' lang='lat' dir='ltr'>dentes</span> <span class='ocrx_word' id='word_1_144' title='bbox 1676 2438 1763 2473; x_wconf 80' lang='lat' dir='ltr'>ex-</span> 
     </span>
     <span class='ocr_line' id='line_1_24' title="bbox 30 2482 1758 2580; baseline 0.009 -35"><span class='ocrx_word' id='word_1_145' title='bbox 30 2487 199 2546; x_wconf 82' lang='lat' dir='ltr'>tremi</span> <span class='ocrx_word' id='word_1_146' title='bbox 223 2482 580 2556; x_wconf 70' lang='lat' dir='ltr'>distinfflores</span> <span class='ocrx_word' id='word_1_147' title='bbox 610 2486 960 2561; x_wconf 80' lang='lat' dir='ltr'>nigricanteS,</span> <span class='ocrx_word' id='word_1_148' title='bbox 1009 2488 1179 2547; x_wconf 86' lang='lat' dir='ltr'>medii</span> <span class='ocrx_word' id='word_1_149' title='bbox 1202 2513 1332 2551; x_wconf 90' lang='lat' dir='ltr'>vero</span> <span class='ocrx_word' id='word_1_150' title='bbox 1359 2495 1604 2569; x_wconf 83' lang='lat' dir='ltr'>gelatino</span> <span class='ocrx_word' id='word_1_151' title='bbox 1623 2498 1758 2580; x_wconf 82' lang='lat' dir='ltr'>hya·</span> 
     </span>
     <span class='ocr_line' id='line_1_25' title="bbox 28 2568 1562 2651; baseline 0.003 -21"><span class='ocrx_word' id='word_1_152' title='bbox 28 2569 145 2644; x_wconf 88' lang='lat' dir='ltr'>lini,</span> <span class='ocrx_word' id='word_1_153' title='bbox 186 2568 419 2651; x_wconf 78' lang='lat' dir='ltr'>quilibet</span> <span class='ocrx_word' id='word_1_154' title='bbox 438 2570 581 2627; x_wconf 85' lang='lat' dir='ltr'>varie</span> <span class='ocrx_word' id='word_1_155' title='bbox 608 2568 858 2643; x_wconf 86' lang='lat' dir='ltr'>mobiles,</span> <span class='ocrx_word' id='word_1_156' title='bbox 899 2569 1173 2633; x_wconf 83' lang='lat' dir='ltr'>videntur.</span> <span class='ocrx_word' id='word_1_157' title='bbox 1560 2604 1562 2606; x_wconf 95' lang='lat'>·</span> 
     </span>
    </p>
   </div>
   <div class='ocr_carea' id='block_1_8' title="bbox 19 2741 1753 3326">
    <p class='ocr_par' dir='ltr' id='par_1_8' title="bbox 19 2741 1753 3260">
     <span class='ocr_line' id='line_1_26' title="bbox 23 2741 1752 2833; baseline 0.01 -31"><span class='ocrx_word' id='word_1_158' title='bbox 23 2822 26 2826; x_wconf 91' lang='lat'>.</span> <span class='ocrx_word' id='word_1_159' title='bbox 201 2766 634 2805; x_wconf 73' lang='lat' dir='ltr'>PEDVNCVLVS</span> <span class='ocrx_word' id='word_1_160' title='bbox 665 2741 919 2827; x_wconf 76' lang='lat' dir='ltr'>hyalinus</span> <span class='ocrx_word' id='word_1_161' title='bbox 946 2745 1196 2808; x_wconf 78' lang='lat' dir='ltr'>medium</span> <span class='ocrx_word' id='word_1_162' title='bbox 1221 2752 1447 2826; x_wconf 76' lang='lat' dir='ltr'>vaginae</span> <span class='ocrx_word' id='word_1_163' title='bbox 1459 2759 1752 2833; x_wconf 80' lang='lat' dir='ltr'>percurrit,</span> 
     </span>
     <span class='ocr_line' id='line_1_27' title="bbox 24 2823 1753 2919; baseline 0.01 -33"><span class='ocrx_word' id='word_1_164' title='bbox 24 2823 133 2886; x_wconf 84' lang='lat' dir='ltr'>basi</span> <span class='ocrx_word' id='word_1_165' title='bbox 157 2828 437 2887; x_wconf 85' lang='lat' dir='ltr'>interdum</span> <span class='ocrx_word' id='word_1_166' title='bbox 454 2830 607 2887; x_wconf 82' lang='lat' dir='ltr'>lateri</span> <span class='ocrx_word' id='word_1_167' title='bbox 622 2826 840 2903; x_wconf 73' lang='lat' dir='ltr'>affixus3</span> <span class='ocrx_word' id='word_1_168' title='bbox 887 2837 1102 2912; x_wconf 82' lang='lat' dir='ltr'>quoties</span> <span class='ocrx_word' id='word_1_169' title='bbox 1122 2837 1480 2909; x_wconf 78' lang='lat' dir='ltr'>contrahitur,</span> <span class='ocrx_word' id='word_1_170' title='bbox 1498 2840 1596 2919; x_wconf 90' lang='lat' dir='ltr'>pili</span> <span class='ocrx_word' id='word_1_171' title='bbox 1622 2863 1753 2903; x_wconf 81' lang='lat' dir='ltr'>con·</span> 
     </span>
     <span class='ocr_line' id='line_1_28' title="bbox 25 2912 1753 3004; baseline 0.009 -35"><span class='ocrx_word' id='word_1_172' title='bbox 25 2912 251 2982; x_wconf 85' lang='lat' dir='ltr'>duntur,</span> <span class='ocrx_word' id='word_1_173' title='bbox 298 2914 602 2994; x_wconf 84' lang='lat' dir='ltr'>capitulum</span> <span class='ocrx_word' id='word_1_174' title='bbox 629 2913 984 2991; x_wconf 75' lang='lat' dir='ltr'>demergitur,</span> <span class='ocrx_word' id='word_1_175' title='bbox 1026 2938 1086 2975; x_wconf 81' lang='lat' dir='ltr'>ac</span> <span class='ocrx_word' id='word_1_176' title='bbox 1112 2918 1287 2976; x_wconf 77' lang='lat' dir='ltr'>lineae</span> <span class='ocrx_word' id='word_1_177' title='bbox 1326 2922 1571 2983; x_wconf 76' lang='lat' dir='ltr'>laterales</span> <span class='ocrx_word' id='word_1_178' title='bbox 1609 2931 1753 3004; x_wconf 55' lang='lat' dir='ltr'>vagia</span> 
     </span>
     <span class='ocr_line' id='line_1_29' title="bbox 24 2998 1751 3090; baseline 0.01 -36"><span class='ocrx_word' id='word_1_179' title='bbox 24 3018 129 3054; x_wconf 88' lang='lat' dir='ltr'>nae</span> <span class='ocrx_word' id='word_1_180' title='bbox 153 3009 414 3076; x_wconf 83' lang='lat' dir='ltr'>tanquam</span> <span class='ocrx_word' id='word_1_181' title='bbox 444 2998 583 3057; x_wconf 78' lang='lat' dir='ltr'>setae</span> <span class='ocrx_word' id='word_1_182' title='bbox 609 2998 897 3078; x_wconf 51' lang='lat' dir='ltr'>porrectae</span> <span class='ocrx_word' id='word_1_183' title='bbox 921 3001 1179 3082; x_wconf 70' lang='lat' dir='ltr'>prostant.</span> <span class='ocrx_word' id='word_1_184' title='bbox 1225 3007 1422 3070; x_wconf 69' lang='lat' dir='ltr'>¹Lente</span> <span class='ocrx_word' id='word_1_185' title='bbox 1446 3010 1751 3090; x_wconf 85' lang='lat' dir='ltr'>capitulum</span> 
     </span>
     <span class='ocr_line' id='line_1_30' title="bbox 21 3080 1748 3163; baseline 0.01 -25"><span class='ocrx_word' id='word_1_186' title='bbox 21 3080 206 3138; x_wconf 81' lang='lat' dir='ltr'>rursus</span> <span class='ocrx_word' id='word_1_187' title='bbox 246 3084 496 3157; x_wconf 80' lang='lat' dir='ltr'>exsurgit,</span> <span class='ocrx_word' id='word_1_188' title='bbox 533 3084 656 3163; x_wconf 84' lang='lat' dir='ltr'>pilis</span> <span class='ocrx_word' id='word_1_189' title='bbox 694 3083 788 3143; x_wconf 82' lang='lat' dir='ltr'>seu</span> <span class='ocrx_word' id='word_1_190' title='bbox 824 3082 1110 3143; x_wconf 78' lang='lat' dir='ltr'>tentaculis</span> <span class='ocrx_word' id='word_1_191' title='bbox 1148 3090 1443 3149; x_wconf 73' lang='lat' dir='ltr'>rarioribus</span> <span class='ocrx_word' id='word_1_192' title='bbox 1471 3096 1526 3151; x_wconf 85' lang='lat' dir='ltr'>in</span> <span class='ocrx_word' id='word_1_193' title='bbox 1552 3097 1748 3156; x_wconf 82' lang='lat' dir='ltr'>itinere</span> 
     </span>
     <span class='ocr_line' id='line_1_31' title="bbox 19 3161 1749 3260; baseline 0.01 -37"><span class='ocrx_word' id='word_1_194' title='bbox 19 3161 210 3247; x_wconf 81' lang='lat' dir='ltr'>paffim</span> <span class='ocrx_word' id='word_1_195' title='bbox 237 3164 523 3248; x_wconf 43' lang='lat' dir='ltr'>porreeti&amp;</span> <span class='ocrx_word' id='word_1_196' title='bbox 564 3166 794 3230; x_wconf 84' lang='lat' dir='ltr'>demum</span> <span class='ocrx_word' id='word_1_197' title='bbox 818 3168 1015 3229; x_wconf 86' lang='lat' dir='ltr'>ostium</span> <span class='ocrx_word' id='word_1_198' title='bbox 1040 3170 1266 3248; x_wconf 80' lang='lat' dir='ltr'>vaginae</span> <span class='ocrx_word' id='word_1_199' title='bbox 1292 3193 1548 3260; x_wconf 79' lang='lat' dir='ltr'>occupat,</span> <span class='ocrx_word' id='word_1_200' title='bbox 1578 3187 1749 3240; x_wconf 77' lang='lat' dir='ltr'>nutri-</span> 
     </span>
    </p>

    <p class='ocr_par' dir='ltr' id='par_1_9' title="bbox 1047 3258 1748 3326">
     <span class='ocr_line' id='line_1_32' title="bbox 1047 3258 1748 3326; baseline 0.017 -12"><span class='ocrx_word' id='word_1_201' title='bbox 1047 3258 1090 3314; x_wconf 86' lang='grc' dir='ltr'>Β</span> <span class='ocrx_word' id='word_1_202' title='bbox 1607 3267 1748 3326; x_wconf 85' lang='lat' dir='ltr'>tioni</span> 
     </span>
    </p>
   </div>
  </div>
 </body>
</html>
