2078 3747
595 245 1398 379 PRAEFATIO.

132 479 493 675 Sistuntur
509 514 603 580 hic
618 515 912 600 Zoologis
929 511 1357 600 descriptiones
1375 512 1717 580 animalium
1731 515 1852 581 Da-

286 612 417 676 niae
445 630 505 674 et
529 610 866 693 Norvegiae
900 610 1212 688 rariorum,
1242 630 1504 693 quorum
1533 609 1747 674 icones
1778 611 1854 676 ad

128 708 340 770 viuum
394 704 678 791 expressas
735 704 1043 786 Zoologiae
1092 707 1334 768 Danicae
1390 703 1709 770 fasciculus
1731 708 1852 792 pri-

128 821 269 864 mus
309 800 543 863 dudum
586 799 650 861 in
691 799 888 862 lucem
917 798 1112 862 editus
1142 799 1404 863 exhibet.
1475 800 1852 866 Lubuitico-

125 914 235 958 nes
266 913 325 958 et
342 893 781 979 descriptiones
798 891 1032 958 seorsim
1048 893 1368 979 formaque
1392 895 1627 958 chartes
1647 894 1852 959 diver-

125 987 179 1051 sa
206 989 428 1072 publici
456 990 597 1052 iuris
628 988 853 1067 facere,
881 1010 978 1068 ne,
1022 1008 1286 1073 quorum
1312 1009 1402 1054 res
1431 990 1632 1054 minus
1661 990 1852 1055 lautae

126 1081 346 1163 essent,
389 1082 740 1147 animalium
778 1083 942 1147 nosci
979 1083 1310 1168 dignorum
1351 1083 1580 1149 occasio
1614 1085 1698 1150 ob
1729 1107 1850 1149 ma-

125 1177 218 1241 ius
252 1178 503 1242 iconum
533 1180 808 1263 pretium.
831 1177 1342 1263 praecluderetur:
1386 1199 1502 1242 nec
1531 1197 1730 1243 tamen
1771 1180 1853 1243 de

126 1272 363 1334 caritate
402 1274 654 1335 iconum
683 1274 809 1334 iure
844 1274 1012 1355 queri
1050 1273 1369 1355 quisquam
1405 1275 1634 1358 potest3
1680 1274 1853 1338 multi

125 1367 288 1427 enim
329 1365 600 1428 eiusdem
642 1369 973 1447 argumenti
1010 1364 1139 1429 libri
1181 1367 1364 1450 longe
1405 1369 1648 1433 maioris
1675 1368 1854 1453 pretii

124 1456 273 1536 sunt,
302 1477 361 1522 et
387 1459 556 1543 quod
588 1460 874 1543 imagines
902 1461 1114 1523 attinet
1140 1481 1271 1523 mea
1301 1482 1484 1545 opera
1511 1463 1854 1548 publicataS,

125 1574 342 1617 omnes
382 1575 442 1616 er
468 1553 719 1639 singulae
757 1571 820 1623 et
844 1557 1117 1619 nouitate
1161 1572 1220 1617 et
1250 1557 1483 1620 raritate
1522 1577 1681 1642 opus
1707 1556 1853 1620 nulli

122 1646 451 1712 secundum
479 1649 874 1713 constituunt.
950 1650 1183 1713 Testari
1215 1649 1381 1713 simul
1410 1651 1592 1729 volui,
1620 1675 1719 1715 me
1750 1652 1854 1716 ab·

123 1743 375 1806 horrere
401 1745 470 1807 ab
502 1744 602 1806 ista
631 1742 1073 1828 ingrauescente
1097 1744 1339 1808 libidine
1352 1746 1697 1830 publicandi
1722 1747 1853 1810 ico·

122 1859 232 1901 nes
261 1839 320 1900 in
334 1836 607 1923 pluribus
635 1838 790 1902 libris
807 1838 1007 1917 decies
1036 1838 1153 1901 iam
1172 1840 1458 1923 expressas
1474 1865 1492 1912 3
1536 1842 1659 1907 hoc
1688 1841 1851 1905 enim

120 1929 422 1995 scientiam
455 1931 924 1996 amoeniffimam
964 1934 1242 1996 omniurn
1272 1951 1332 1995 et
1370 1937 1627 2000 maxime
1653 1934 1850 2001 neces?-

120 2024 337 2105 shfflam,
354 2027 523 2107 cujus
553 2029 950 2110 acquirendae
975 2025 1212 2091 subsidia
1238 2046 1437 2091 natura
1463 2029 1687 2114 cuique
1711 2048 1853 2094 ante·

123 2121 339 2187 oculos
359 2140 421 2183 et
447 2122 509 2183 in
537 2140 787 2207 promtu
811 2121 1029 2208 posuit,
1055 2124 1230 2186 tantis
1253 2121 1537 2188 sumtibus
1561 2125 1849 2205 inuoluit,

121 2232 181 2280 vt
204 2236 494 2281 amatores
521 2216 914 2300 quoscunque
942 2218 1267 2282 absterrere
1303 2219 1504 2283 valeat.
1598 2220 1850 2284 Limites

120 2310 342 2377 dehinc
368 2311 511 2375 mihi
541 2311 886 2398 praescripsi,
922 2333 1078 2397 quos
1106 2313 1320 2379 vellem
1348 2313 1597 2397 quilibet
1612 2314 1848 2380 Zoolo-

120 2426 235 2490 gus
270 2406 369 2470 sibi
403 2406 584 2469 ducat
612 2407 1019 2472 obseruandos
1039 2456 1056 2487 ,
1102 2430 1169 2472 ea
1197 2431 1419 2494 nempe
1452 2427 1687 2473 tantum
1725 2411 1846 2474 ani-

120 2500 313 2579 malia,-
342 2522 605 2585 quorum
635 2503 723 2564 vel
752 2501 911 2565 nulla
938 2503 1033 2567 vel
1058 2502 1185 2567 falsa
1212 2502 1397 2588 figura
1425 2506 1623 2584 exstat,
1651 2503 1844 2570 iconi-

119 2594 236 2658 bus
269 2613 330 2658 et
359 2596 600 2680 quidem
641 2596 712 2659 ad
757 2598 958 2660 viuum
996 2599 1338 2684 exprimere
1367 2616 1428 2662 et
1453 2599 1746 2663 illustrare.

256 2691 580 2755 Fasciculus
603 2690 875 2776 praesens
892 2693 1182 2771 continet,
1198 2693 1437 2757 duobus
1464 2692 1715 2778 piscibus
1741 2714 1841 2758 ex-

119 2786 329 2869 ceptis,
354 2807 482 2848 non
511 2785 612 2849 nisi
639 2786 895 2851 animalia
925 2808 958 2850 e
981 2788 1299 2854 Vermium
1318 2787 1498 2864 classe,
1523 2807 1841 2873 portento-

120 2897 255 2939 rum
283 2878 654 2944 feraciffima:
698 2879 988 2965 pleraque
1017 2885 1256 2961 marina,
1296 2902 1476 2966 pauca
1509 2883 1839 2970 hugji-imber,

119 2969 332 3051 forma,
361 2977 748 3059 generatione
767 2993 826 3038 et
853 2978 1214 3040 oeconomia
1239 2975 1491 3045 maxime
1520 2975 1837 3063 singularia.
1911 3056 1915 3059 Ι
1987 2964 1989 2966 ’

121 3067 299 3128 Mens
327 3068 548 3151 haeret,
593 3090 663 3133 an
690 3072 994 3154 ingentem
1022 3067 1344 3154 figurarum
1374 3072 1725 3152 varietatem,
1768 3093 1843 3137 an

122 3159 529 3226 inhaerentem
557 3165 745 3227 cuiuis
791 3165 958 3248 genti
987 3182 1160 3227 notas
1185 3163 1699 3245 charafiieristicaS,
1741 3183 1847 3232 aut·

120 3254 434 3319 cuiuslibet
470 3257 682 3342 speciei
724 3255 1137 3345 differentiales
1180 3261 1434 3323 maxime
1468 3262 1714 3326 miretur
1749 3296 1844 3313 --

119 3348 470 3416 mirabunda
510 3373 651 3418 vero
679 3359 935 3419 Numen
984 3351 1464 3438 benigniffimum
1508 3375 1842 3420 veneratur.

32 3470 36 3472 ‘
77 3438 84 3439 ⁷
120 3442 301 3531 Qae
318 3443 648 3534 simplicitas
672 3447 736 3511 in
750 3445 1116 3534 Fasciqlarum
1129 3448 1484 3514 variantibus
1502 3448 1812 3540 speciebus
1830 3455 1843 3515 ἓ

954 3605 959 3610 ,
1041 3546 1156 3612 *2
1667 3550 1843 3635 Qae
