2008 3677
203 119 293 200 96
458 118 1108 181 reumonrncnvs
1162 131 1661 184 ,ιιΝεοιΑτν-ε.

326 275 1176 354 ECHINORYNCHVS
1229 253 1795 350 LINEOLATVsr

224 506 228 510 ,
327 406 958 510 ECHINORYNCH
967 444 1059 518 VS
1083 462 1350 526 corpore
1374 441 1612 508 lineolis
1636 413 1927 510 transuer-

199 528 275 596 fis
298 527 496 600 fuscis,
520 527 724 589 medio
747 527 1116 612 interruptis

317 659 987 718 ECHINORYNCHVS
1019 654 1346 738 proboscide
1382 655 1680 736 cylindrica
1707 655 1923 716 echina-

200 754 267 816 ta,
281 741 490 815 inflexa,
505 762 743 822 corpore
769 738 1016 799 filiformi
1039 742 1253 816 rugoso.
1296 745 1442 801 Zool.
1466 741 1515 799 d.
1542 741 1727 824 prodr.
1747 761 1814 821 25
1823 761 1923 820 99.

405 842 407 845 '
489 826 704 885 Taenia
731 824 979 889 haeruca.
1027 826 1152 884 Pall.
1182 826 1382 904 Zooplz.
1411 846 1483 903 41
1501 847 1551 905 5.

597 914 740 968 Dan.
763 913 926 985 Streg
943 945 960 953 ·
975 910 1277 970 Kratseren.

364 1045 543 1100 Hunc
574 1038 926 1119 sequentibus
963 1038 1141 1097 verbis
1181 1037 1434 1097 describit
1457 1040 1644 1101 Celeb.
1673 1061 1917 1099 ZOEGA:

200 1149 449 1187 conpvs
483 1123 758 1192 filisorme,
803 1125 1062 1202 vti-inque
1090 1120 1364 1198 obtusum,
1405 1126 1557 1198 rugis
1594 1123 1920 1183 transuersa-

197 1211 343 1271 libus
376 1209 678 1268 dimidiatis.
768 1229 1117 1267 PRonoscrs
1143 1204 1775 1286 retraffilisffiylindrica,
1800 1206 1922 1267 sub·

194 1294 435 1355 tiliffime
462 1290 517 1352 et
542 1290 843 1356 densiffime
878 1293 1176 1351 retrorsum
1206 1292 1469 1361 echinata,
1493 1295 1550 1350 in
1577 1294 1921 1351 extremitate

194 1401 394 1463 parum
422 1377 667 1437 craffiore
690 1376 1032 1438 subincurua.
1119 1399 1292 1435 Ast
1328 1377 1631 1435 terminalis
1655 1377 1712 1434 in
1744 1389 1919 1436 extre·

193 1467 389 1526 mitate
428 1462 689 1543 opposita.
773 1462 990 1521 Exserta
1030 1459 1357 1542 proboscide
1393 1464 1502 1520 oris
1537 1461 1774 1522 annulus
1812 1460 1918 1521 dis-

194 1563 388 1611 tentus
426 1562 482 1605 et
507 1546 698 1623 glaber
725 1544 829 1617 est;
892 1543 1124 1605 retrasta
1159 1567 1293 1603 vero
1319 1544 1656 1625 proboscide,
1683 1567 1745 1604 os
1770 1546 1916 1605 vide·

193 1647 290 1696 tur
327 1630 655 1701 bilabiatum‚
695 1630 837 1689 labio
876 1631 1157 1711 superiore
1193 1628 1362 1689 craffo
1391 1631 1729 1710 prominulO,
1751 1634 1914 1690 verti·

194 1714 385 1783 naliter
409 1717 703 1797 triplicato,
739 1714 1003 1773 inferiore
1026 1726 1248 1773 arcuato
1276 1715 1431 1773 laeui.

367 1816 598 1877 Habitat
631 1817 689 1872 in
714 1809 854 1871 Gadi
885 1811 1053 1888 Lusci,
1080 1810 1364 1888 Merlangi,
1392 1807 1654 1866 callariae
1679 1818 1736 1866 et
1760 1809 1913 1868 Cotti

193 1907 396 1982 Scorpii
417 1896 698 1970 intestinis,
724 1892 1064 1976 proboscidis
1092 1913 1202 1974 ope
1226 1890 1373 1951 argte
1395 1892 1708 1951 adhaerens,
1806 1958 1810 1959 ⁷

363 1997 579 2064 Quinto
607 1990 810 2075 Aprilis
843 2011 990 2049 anno
1022 2008 1176 2066 1777
1211 1986 1432 2045 diffecui
1453 2000 1564 2047 tres
1595 1985 1781 2048 Gados
1804 1986 1913 2048 Ae·

183 2083 442 2166 glefinos:

365 2169 791 2233 mresrmvm
812 2165 1302 2247 pellucidiffimum,
1318 2163 1496 2226 subtili
1519 2165 1639 2238 luto
1664 2164 1907 2245 plerum·

193 2281 308 2341 que
346 2258 659 2339 repletum3
721 2251 908 2333 paffim
944 2252 1302 2333 pellucebant
1345 2251 1631 2309 vermiculi
1665 2248 1904 2330 spirales,

193 2344 333 2416 albi,
376 2339 483 2401 rufi
519 2353 576 2398 et
606 2342 933 2414 nigricantes
973 2337 1213 2396 diuersae
1276 2334 1665 2411 longitudinis,
1705 2330 1906 2410 rugosi,

193 2449 366 2510 aquae
387 2447 519 2484 vero
542 2422 788 2484 fluuiatili
813 2421 1027 2481 immissi
1043 2419 1395 2497 rugositatem
1422 2434 1477 2477 et
1502 2418 1751 2500 spiralem
1778 2439 1906 2476 con-

192 2510 495 2573 torsionem
529 2506 878 2577 amittebant,
916 2503 1050 2564 resti
1074 2506 1230 2565 breui
1256 2518 1311 2563 et
1333 2504 1492 2579 rigidi
1520 2500 1749 2576 extensi,
1795 2502 1904 2577 gla-

192 2597 278 2656 bri
302 2593 425 2664 faffi
457 2594 606 2660 sunt,
648 2612 709 2649 ac
734 2592 988 2670 protensa
1011 2589 1336 2669 proboscide
1360 2591 1610 2647 echinata
1645 2607 1820 2662 genus
1846 2598 1904 2644 et
1994 2590 2008 2595 “’

193 2682 434 2762 speciem
469 2676 794 2758 prodebant,
839 2675 1206 2755 (Echinoryn.
1244 2695 1449 2753 nempe
1472 2675 1719 2746 candidi).
1770 2671 1904 2738 Qui-

193 2765 321 2824 dam
352 2765 634 2838 longiores
661 2774 716 2818 et
741 2757 1012 2817 crassiores
1041 2759 1254 2816 lineolis
1274 2754 1588 2816 transuersis
1616 2754 1782 2828 nigris
1808 2776 1903 2812 no-

191 2852 306 2919 tati,
341 2870 404 2906 ac
438 2849 581 2905 linea
616 2841 998 2919 longitudinali
1031 2843 1095 2899 ab
1133 2857 1368 2921 Vtroque
1404 2843 1571 2899 latere
1596 2839 1805 2919 pallida,
1832 2860 1900 2896 an

195 2934 373 3013 specie
409 2927 619 2989 diuersi.
673 2927 1109 3005 (Ecliinorynch.
1137 2928 1389 3003 lineola.)
1475 2930 1540 2982 In
1578 2922 1900 3002 quibusdam

192 3020 477 3075 minorum
513 3015 709 3072 lumini
749 3010 986 3070 obuersis
1022 3009 1333 3088 pellucebat
1356 3011 1516 3066 series
1545 3007 1899 3083 globulorum

193 3099 501 3159 albidorum
526 3098 708 3156 versus
733 3093 934 3177 postica
954 3100 979 3169 (
993 3095 1050 3151 hi
1077 3100 1295 3168 mares).
1384 3092 1468 3151 Ab
1488 3094 1740 3151 Echinor.
1758 3089 1898 3148 Gadi

194 3180 458 3247 Cczllarias
482 3179 834 3269 ,differebant
871 3179 1104 3239 absentia
1147 3177 1498 3240 membranae
1546 3179 1639 3236 seu
1673 3177 1898 3248 vaginae

1687 3270 1897 3317 anticae
