2008 3677
145 125 226 195 '98
429 131 1072 180 zcnmoiwncnvs
1128 132 1629 182 LINEOLATvsa

319 273 496 350 Saepe
519 293 656 354 apex
682 271 884 331 caudae
911 274 968 331 in
993 270 1439 353 Echinorynchis
1473 271 1726 354 vaginula
1749 293 1873 356 opa-

151 375 214 414 ca
234 353 533 428 instruitur,
562 378 701 437 quae
724 355 998 439 pressione
1025 356 1258 415 exuitur.

236 570 241 572 γ
321 533 833 571 LEEUWENHOEK
881 513 1092 591 primus
1143 507 1416 587 singulare
1450 512 1615 571 huius
1654 512 1874 587 generis

149 595 542 655 animalculurn
585 595 803 664 detexit,
841 598 1190 675 anticamque
1225 598 1474 676 corporis
1502 610 1717 677 partem
1746 617 1877 654 cum

147 678 423 763 protrasta
455 677 783 760 proboscide
820 678 996 755 figura
1031 680 1346 752 adornauit3
1396 679 1523 739 dein
1561 678 1879 741 clarissimus

151 788 390 826 PALLAS
432 765 486 819 in
523 760 632 820 diff.
669 763 737 821 de
780 763 1011 826 intestin.
1061 768 1267 824 viuent.
1317 768 1546 825 nomine
1596 768 1877 835 Haerucae,

148 848 342 931 postea
369 851 424 905 in
453 848 735 929 Zoophyt.
771 849 980 908 elench.
1025 852 1245 909 Taeniae
1271 851 1529 921 lzaeruccze,
1566 862 1621 908 et
1649 849 1881 910 demum

152 936 213 992 in
244 938 378 991 XIX.
394 933 500 990 vol·
530 953 654 990 nov.
681 937 998 992 Comment-
1017 935 1180 992 Acad.
1214 939 1434 1016 Petrop.
1465 937 1580 993 eius
1609 935 1881 1004 meminit,

151 1018 504 1098 figuramque
551 1027 587 1074 t.
618 1038 673 1091 9.
723 1017 759 1075 f.
791 1038 838 1074 2.
884 1040 948 1075 ex
995 1017 1260 1075 intestinis
1293 1025 1477 1076 Ranae
1532 1023 1884 1095 temporariae

156 1103 380 1170 adiecit3
417 1123 483 1159 an
511 1122 645 1158 vero
673 1099 734 1158 sit
770 1124 799 1159 a
821 1104 961 1159 meis
985 1101 1269 1180 speciebus
1311 1103 1533 1173 diuersa,
1575 1124 1680 1160 nec
1706 1125 1769 1160 ex
1796 1098 1901 1161 de?

157 1187 471 1266 scriptione,
512 1206 617 1242 nec
647 1209 710 1245 ex
736 1184 909 1261 figura
939 1183 1272 1256 sufficienter
1298 1199 1466 1266 patet.
1551 1188 1742 1245 Alium
1773 1188 1896 1246 Cel.

156 1296 240 1331 ΚΟ
253 1294 465 1328 ELREU
478 1295 607 1328 TER
635 1269 733 1332 sub
748 1271 1396 1346 nomineacanthocephczli
1422 1272 1452 1328 l.
1470 1292 1509 1328 c.
1535 1276 1713 1329 v.XV.
1738 1286 1775 1329 t.
1799 1274 1892 1331 26.

160 1357 614 1414 communicauit.
698 1359 811 1413 Hic
837 1359 894 1413 in
924 1358 1172 1434 Cyprino
1190 1356 1371 1414 Rutilo
1398 1358 1659 1413 inuentus
1686 1355 1752 1415 ab
1777 1356 1898 1424 illo,'

161 1461 335 1521 quem
370 1461 478 1516 ego
517 1442 575 1499 in
631 1439 833 1498 eodem
873 1441 1016 1519 pisce
1052 1442 1261 1519 reperi,
1310 1440 1469 1497 valde
1519 1440 1762 1499 diuersus
1801 1438 1894 1510 est,

162 1546 194 1583 a
220 1526 413 1583 'ceteris
439 1524 587 1583 collo
613 1522 942 1604 proboscide
977 1522 1292 1600 angustiore
1318 1524 1681 1600 distinguitur.
1767 1529 1906 1582 Pro--

162 1607 344 1668 boscis
372 1608 686 1688 cylindrica,
701 1611 855 1690 apice
877 1610 1547 1681 truncata,vncinulorum
1575 1607 1814 1667 seriebus
1829 1605 1896 1666 ad

164 1695 465 1754 minimum
491 1691 1218 1772 OROdecim,vndntilisque
1241 1692 1434 1751 decem
1462 1695 1519 1752 in
1544 1694 1895 1774 quauiS,hinc

168 1779 311 1838 circa
336 1777 589 1837 ducentis
623 1779 843 1836 tunicae
875 1777 1093 1837 villosae
1130 1777 1403 1836 adhaeret.

338 1931 528 1992 Huius
556 1942 613 1990 et
647 1930 1030 2012 praecedentis
1067 1932 1269 2013 speciei
1306 1930 1525 2011 quidam
1551 1934 1609 1992 in
1636 1953 1775 2014 aqua
1800 1929 1901 1991 flu·

170 2017 340 2079 viatili
363 2017 502 2076 vltra
525 2017 749 2093 triginta
774 2018 938 2077 horas
953 2019 1120 2075 vitam
1145 2015 1548 2098 produxerunt.

339 2175 407 2230 In
434 2172 715 2253 plerisque
744 2169 885 2229 Gadi
913 2169 1199 2252 speciebus
1229 2170 1418 2228 Echin.
1446 2173 1648 2229 candidi
1671 2179 1729 2228 et
1752 2169 1901 2228 lineo·

172 2255 272 2317 tati
308 2259 682 2337 reperiuntur,
720 2255 855 2314 hinc
875 2277 1089 2316 nomen
1116 2258 1258 2317 Gadi
1291 2254 1506 2314 triuiale
1527 2255 1586 2313 in
1609 2255 1903 2315 lineolatum

172 2344 402 2400 mutaui.

343 2519 452 2584 Fig.
475 2528 500 2567 1
520 2530 565 2568 1.
601 2515 1043 2585 Echinorynchum
1067 2515 1344 2569 lineolatum
1371 2527 1697 2584 corrugatum,

345 2605 452 2668 Fig.
477 2614 565 2652 12-
609 2600 829 2650 eundem
863 2596 1114 2651 extensum
1141 2602 1360 2666 naturali,

347 2686 451 2754 Fig.
475 2698 564 2751 13.
604 2685 814 2735 anticam
859 2684 964 2734 eius
1002 2698 1194 2750 partem
1234 2686 1288 2737 in
1324 2684 1606 2737 extensione
1643 2699 1754 2734 cum
1791 2698 1904 2750 pro-

563 2765 765 2819 boscide
802 2763 1001 2830 exserta,

349 2854 453 2922 Fig.
476 2866 565 2920 14.
605 2852 821 2903 eandem
864 2865 1057 2918 partem
1108 2865 1415 2921 corrugatam
1464 2868 1573 2902 cum
1609 2845 1908 2916 proboscide

571 2939 772 2990 teti-asta
798 2950 849 2988 et
878 2936 1077 2988 condita
1098 2939 1232 2990 aucta
1245 2934 1589 3005 magnitudine
1612 2934 1735 2989 (istst.
1823 2980 1826 2981 γ

1770 3260 1826 3319 T
1827 3254 1914 3317 ab:
