2046 3704
186 171 257 212 12
585 171 970 218 SPATAGVS
1032 178 1484 225 PVRPVREVS·

176 305 346 363 nicuii
384 308 570 367 medio
611 308 753 368 dorfi
786 309 1084 369 adhaerere
1108 313 1379 374 videntur.
1459 320 1905 381 Tentaculorum

174 391 330 448 nulla
359 390 591 468 vestigia.
675 394 803 452 Sola
825 395 1094 455 foramina
1117 399 1386 478 conspexi,
1411 402 1547 461 haec
1568 417 1754 462 tamen
1779 420 1901 464 ten-

173 477 635 537 taculis‘minimis
660 480 1035 562 producendis
1061 496 1120 540 et
1140 482 1467 546 reducendis
1491 489 1754 549 inseruire
1781 492 1902 549 nul-

171 561 256 619 lus
287 560 498 622 dubito-

295 735 611 813 Purpureus
672 734 832 794 color
892 739 950 795 in
1016 750 1245 798 mortuo
1296 759 1487 798 verme
1536 736 1605 800 'in
1657 741 1898 818 griseum

167 819 374 875 transit.

288 987 474 1046 Huius
502 986 793 1068 petrefaffi
827 991 954 1048 icon
983 989 1173 1071 paffim
1202 1012 1326 1049 aere
1349 991 1513 1052 incisa
1536 989 1717 1063 exstat,
1743 1006 1898 1056 natu-

162 1071 288 1131 ralis
328 1093 461 1130 vero
495 1072 706 1144 nullibi,
732 1073 824 1133 nifi
846 1078 901 1131 in
926 1074 1308 1134 additamentis
1335 1077 1399 1137 ad
1426 1079 1609 1139 Kleiniz·
1637 1078 1893 1135 echinod.

161 1177 305 1235 quae
331 1154 406 1214 est
431 1158 568 1215 haec
582 1157 764 1216 nostra
788 1160 987 1217 recusa.
1075 1160 1300 1217 Aculeis
1329 1177 1386 1219 et
1411 1163 1640 1242 spinulis
1667 1163 1892 1221 orbatus

155 1240 380 1320 paffim,
425 1243 620 1305 iisdem
659 1266 791 1302 vero
830 1240 1124 1303 instrustus
1167 1243 1428 1305 rariffime
1461 1248 1520 1308 in
1555 1247 1766 1306 Museis
1805 1268 1894 1306 oo·

158 1328 343 1385 currit.

272 1499 340 1553 'In
361 1493 480 1554 finu
504 1494 896 1559 Drbbachienfi
926 1496 993 1557 ad
1016 1496 1251 1557 insulam
1275 1496 1496 1558 Kabolm
1519 1496 1658 1560 raro.

321 1672 426 1740 Fig.
448 1685 492 1722 1.
537 1675 776 1742 Spatagus
801 1691 983 1742 pronus
1010 1675 1220 1725 naturali
1247 1678 1608 1743 magnitudine.

317 1830 422 1896 fig.
445 1844 493 1882 2.
535 1833 751 1882 Aculeus
789 1827 912 1879 dorsi
947 1830 1187 1894 maximus
1216 1829 1548 1896 amplificatus.

316 1987 421 2053 Fig.
443 1998 491 2049 3.
533 1984 773 2053 Spatagus
800 1979 997 2050 supinus
1021 1985 1228 2035 naturali
1251 1983 1609 2051 magnitudine.

316 2141 418 2206 Fig.
438 2152 489 2202 4.
528 2138 744 2188 Aculeus
785 2133 1081 2202 spathulatus
1123 2154 1233 2188 cum
1269 2137 1475 2204 nodu10‚
1511 2141 1564 2190 in
1593 2156 1690 2208 quo
1710 2155 1877 2196 moue-

535 2235 625 2285 tur,
654 2222 988 2288 amplificatus.

313 2379 415 2448 Fig.
437 2391 483 2443 ς.
526 2377 865 2427 ‘Tentaculum
903 2367 1281 2444 penifilliforme
1309 2376 1452 2428 valde
1477 2380 1685 2440 auc‘tum,

1720 3291 1780 3345 T
1781 3286 1862 3348 ab.
